2760 4868
567 164 784 229 „49-

56 324 264 410 congregati,
295 325 325 389 si
356 324 428 410 quis
454 323 613 409 insignior
641 325 797 410 magister
825 325 996 410 extitisset,
1027 325 1171 390 melioris
1199 325 1290 390 disci·

58 431 164 517 plinae
198 431 333 496 semina
366 432 450 515 apud
482 453 558 497 suos
590 432 798 517 spargebant.
853 429 941 506 Quae
978 452 1029 496 res
1061 436 1216 515 quantum
1249 433 1290 498 ad

58 537 224 604 doctrinae
255 559 371 604 sacrae
403 539 659 604 emendationem
687 538 899 623 contulerint,
931 561 1169 623 prosperosque
1197 543 1291 605 tanto

60 646 189 730 incepto
213 645 407 732 paraverint
428 667 601 726 successus,
624 646 745 731 partim
769 644 928 710 Lutherus
951 645 1022 729 ipse
1046 649 1193 728 testatur,
1219 668 1290 729 par·

60 753 118 816 tim
147 753 247 817 certis
276 753 477 838 argumentis
504 759 537 819 et
563 753 691 818 indiciis
720 756 829 836 potest
857 751 973 836 colligi.
1023 749 1109 816 Nam
1139 752 1193 817 ille
1222 753 1291 838 qui-

62 857 132 923 dem
161 859 197 924 iu
225 860 395 925 coenobiis
425 865 457 925 et
487 858 753 926 universitatibus
781 859 909 944 linguas
943 857 1013 923 ideo
1046 881 1114 924 non
1147 861 1291 925 excultas

62 966 139 1030 olim
163 970 341 1051 asseverat,
372 988 413 1030 ne
440 967 610 1051 imperium
634 964 876 1030 daemoniacum
905 965 1133 1030 detrimentum
1162 970 1292 1051 caperet

63 1072 235 1154 eiusmodi,
272 1073 361 1160 quod
393 1072 477 1138 haud
509 1074 603 1138 facile
636 1073 822 1155 sarciretur,
861 1072 945 1136 unde
977 1071 1099 1138 factum
1136 1095 1219 1156 esse,
1255 1078 1292 1138 ut

62 1202 167 1266 neque
190 1179 307 1246 Latine
330 1201 389 1244 nec
413 1179 601 1245 Germanice
626 1180 765 1245 seribere
788 1183 937 1263 possent,
966 1183 998 1243 et
1021 1201 1170 1244 sermone
1194 1184 1291 1265 atque

64 1287 234 1373 evangelio
261 1287 424 1372 corruptis
451 1309 488 1352 ac
516 1286 641 1353 ratione
669 1309 770 1372 prope
798 1287 870 1371 ipsa
898 1289 994 1350 exuta
1016 1286 1102 1351 haud
1131 1289 1241 1371 procul
1271 1311 1291 1353 a

63 1394 168 1459 beluis
201 1400 324 1460 essent:
357 1393 413 1460 sed
444 1394 554 1459 divina
580 1394 783 1479 providentia
810 1391 978 1458 Graeciam
1011 1415 1080 1458 esse
1113 1393 1147 1457 in
1175 1394 1289 1458 barba-

63 1524 173 1567 rorum
191 1505 389 1587 potestatem
407 1501 579 1585 redactam,
599 1505 636 1565 ut
655 1499 768 1565 Graeci
788 1501 918 1585 profugi
938 1522 975 1565 ac
994 1499 1130 1584 dispersi
1148 1501 1289 1585 patriam

63 1611 212 1695 linguam
244 1609 284 1673 ad
318 1613 444 1673 exteras
476 1608 624 1673 nationes
651 1611 882 1692 propagarent,
914 1610 952 1671 ut
983 1607 1066 1672 aliae
1099 1609 1197 1672 etiam
1231 1609 1290 1674 lin·

63 1738 147 1802 guae
181 1715 436 1799 addiscerentur,
466 1719 631 1799 postremo
668 1717 706 1778 ut
736 1714 937 1800 evangelium
969 1714 1149 1798 patefieret:
1186 1737 1290 1800 neque

64 1824 151 1889 cuim
175 1822 290 1888 afflatu
314 1826 348 1886 et
370 1842 448 1887 aura
470 1821 579 1886 divina
607 1821 717 1885 omnia
739 1821 860 1904 perfici,
889 1826 925 1885 ut
953 1825 1045 1885 erant
1069 1821 1123 1905 qui
1153 1822 1289 1887 arbitra·

64 1935 192 1996 rentur:
225 1933 312 1994 certe
345 1929 421 2012 sibi,
455 1929 519 1993 nisi
551 1928 734 2014 linguarum
767 1928 881 1992 fuisset
912 1927 1072 2012 praesidio
1105 1929 1291 2014 instructus,

64 2039 195 2104 licuisse
218 2036 348 2122 quidem
371 2035 425 2119 pio
449 2056 518 2099 esse
543 2039 576 2099 et
593 2058 651 2120 pro
675 2057 794 2100 corona
816 2057 989 2119 paucorum
1014 2035 1203 2119 contionari,
1226 2059 1292 2102 non

64 2145 256 2212 Pontificem
286 2147 320 2207 et
342 2141 504 2226 sophistas
527 2141 725 2227 perdomare.
770 2141 858 2205 Idem
882 2141 1059 2207 Aristotele
1088 2142 1290 2227 explodendo

65 2254 144 2318 satis
164 2250 308 2316 declarat
330 2271 396 2314 non
420 2249 590 2313 minimum
614 2248 765 2314 ecclesiae
789 2248 991 2314 commodum
1015 2249 1186 2314 conciliari.
1224 2249 1292 2334 Ipsi

65 2381 141 2424 vero
159 2358 209 2422 illi
232 2357 413 2421 litterarum
436 2356 637 2421 restitutores
662 2355 887 2421 auctoritatem
906 2355 1110 2439 pontificiam
1134 2358 1167 2420 et
1190 2377 1291 2421 sacer·

65 2465 208 2532 dotalem
233 2463 392 2549 castigata
414 2485 540 2528 morum
563 2463 774 2547 perversitate
798 2464 1014 2528 elevaverant:
1038 2461 1161 2527 Dantes
1181 2462 1291 2528 Ponti·

65 2575 161 2639 ficum
198 2571 307 2637 larvas
344 2568 533 2634 delictorum
570 2592 691 2654 poenas
728 2570 899 2653 luentium,
939 2569 1107 2636 ecclesiam
1145 2571 1293 2654 squalore

64 2680 245 2763 horridam,
277 2678 474 2763 flagitiorum
506 2677 648 2761 pondere
676 2678 827 2741 obrutam
856 2677 941 2761 apud
968 2677 1089 2741 inferos
1118 2680 1292 2742 monstrat:

64 2790 147 2855 lenis
176 2788 232 2852 ille
256 2785 409 2851 Petrarca
435 2784 559 2869 primus
587 2785 693 2849 aulam
722 2784 923 2867 pontificiam
939 2782 1127 2866 ,Babylonis
1154 2785 1294 2868 nomine,

65 2896 151 2982 quod
183 2898 300 2979 postea
330 2891 452 2975 haesit,
484 2913 541 2975 ρετ
573 2890 782 2975 opprobrium
811 2891 986 2976 significat,
1020 2893 1053 2954 et
1080 2889 1217 2954 Romam
1250 2913 1294 2974 sc,

66 3001 217 3068 miseriae
241 2998 349 3064 sedem
375 3021 413 3064 ac
436 2997 641 3062 seminarium
669 2999 800 3083 erroris,
829 2996 997 3082 reliquisse
1025 2995 1103 3060 dicit
1130 3018 1292 3082 nunquam

65 3110 258 3175 rediturum:
291 3106 347 3171 alii
378 3105 574 3171 carminibus
601 3104 687 3168 haud
720 3104 859 3169 inficetis
887 3105 968 3168 vitia
995 3102 1197 3168 sacerdotum
1224 3125 1294 3188 per·

66 3215 280 3302 stringebant.
320 3212 365 3276 Et
388 3210 644 3278 excudendorum
669 3211 825 3277 librorum
849 3216 953 3277 artem
976 3209 1190 3275 Pontificibus
1213 3211 1293 3295 ipsis

66 3348 136 3391 esse
170 3323 360 3388 damnosam
390 3319 508 3397 visam,
540 3318 574 3382 in
605 3318 662 3382 illa
693 3319 882 3402 praesertim
914 3317 1124 3384 scribentium
1158 3318 1291 3382 licentia

66 3425 169 3489 multo
198 3446 294 3509 quam
321 3446 407 3490 nunc
433 3427 569 3510 maiore,
597 3426 705 3491 videas
733 3448 772 3490 ex
799 3425 926 3509 edictis,
958 3425 1074 3511 quibus
1103 3423 1229 3488 dicendi
1258 3445 1295 3489 ac

67 3531 229 3596 sentiendi
252 3532 435 3598 libertatem
459 3534 494 3598 in
516 3533 588 3618 ipsa
611 3533 794 3616 Germania,
819 3532 860 3596 ob
884 3532 1005 3616 scripta
1028 3530 1186 3616 quaedam
1210 3532 1294 3615 apud

67 3637 378 3725 Magdeburgenses,
406 3640 675 3726 Agrippinenses,
702 3639 871 3721 Treveros,
895 3637 1106 3724 Magantinos
1130 3638 1297 3724 divulgata

67 3746 133 3810 iam
163 3747 290 3812 saeculo
319 3747 433 3831 quinto
462 3747 587 3812 decimo
615 3751 748 3811 exeunte
776 3746 922 3811 callidius
951 3767 1048 3829 quam
1075 3745 1193 3810 rectius
1222 3748 1296 3809 suut

67 3875 215 3919 coercere
239 3853 355 3919 conati.

158 3958 221 4024 Sed
244 3960 329 4045 apud
351 3959 526 4045 populares
549 3965 680 4026 nostros
703 3961 845 4044 litterae,
874 3982 955 4045 quae
978 3982 1036 4044 ρετ
1063 3958 1149 4023 viros
1174 3959 1208 4021 in
1231 3958 1295 4022 Ita·

68 4069 114 4132 lia
142 4068 300 4151 excultos,
333 4071 365 4131 et
393 4069 532 4132 maxime
561 4090 618 4152 per
647 4067 853 4151 Rudolphum
882 4067 1069 4152 Agricolam
1099 4065 1175 4129 olim
1205 4068 1297 4128 erant

68 4175 248 4258 stabilitae,
276 4175 316 4238 ad
344 4175 485 4240 fontium
513 4197 678 4241 sacrorum
705 4175 957 4259 intelligentiam
988 4171 1248 4238 accommodatae
1278 4193 1297 4234 a

67 4282 250 4348 lteuchlino
278 4285 311 4346 et
334 4282 468 4346 Erasmo
499 4286 587 4365 sunt,
615 4304 750 4367 quorum
779 4282 861 4346 alter
884 4280 1045 4345 Hebraico
1069 4279 1189 4361 docuit,
1217 4278 1298 4341 altcr

69 4411 136 4455 nou
160 4390 266 4453 solum
290 4388 329 4454 de
347 4388 439 4453 libris
458 4389 534 4454 novi
552 4389 691 4453 foederis
710 4412 769 4474 ρτο
793 4389 881 4453 illius
905 4386 1024 4451 aetatis
1043 4387 1156 4450 habitu
1176 4385 1297 4468 optime

69 4497 204 4562 meritus
223 4501 282 4580 est,
305 4519 416 4561 verum
440 4496 538 4561 ctiam
557 4496 767 4562 scholasticas
786 4496 884 4560 tricas
903 4494 1014 4559 multis
1032 4492 1155 4578 pridem
1174 4491 1297 4554 invisas

123 4610 235 4653 mma
249 4611 322 4652 Orare
1069 4602 1085 4650 4
1116 4638 1121 4651 .
