2760 4868
619 179 833 284 ..gg-

114 339 342 403 remittsndum
375 342 407 401 et
438 337 669 422 indulgendum
702 338 870 403 censuerit.
922 336 967 401 At
999 341 1090 421 putet
1121 339 1253 424 aliquis,
1286 362 1339 405 me

114 444 149 510 in
176 444 264 530 Rege
296 445 457 510 laudando
489 466 603 527 parum
631 448 706 528 apte
733 443 785 507 his
811 443 908 507 rebus
936 445 995 528 uti,
1028 468 1126 530 quum
1155 447 1280 512 maiora
1307 452 1340 512 et

115 552 155 616 ab
184 553 271 617 omni
298 552 436 617 invidiae
464 551 646 635 suspicione
673 553 798 616 remota
819 550 955 634 proferri
983 552 1118 634 possint.
1162 551 1237 638 Ego
1261 575 1338 619 vero

113 680 217 743 neque
240 659 302 724 hoc
325 658 492 722 minimum
517 657 678 741 existimo,
706 658 734 721 si
756 656 905 741 princeps
929 657 963 721 in
985 657 1119 723 militari
1145 660 1337 744 praesertim

113 764 247 848 imperio
271 766 425 830 educatus
449 769 482 829 ct
504 764 661 830 formatus
684 765 770 828 inter
791 767 914 846 tantos,
943 765 1055 849 quanti
1077 788 1163 831 nunc
1186 766 1237 830 rel
1262 771 1340 831 sunt

113 872 161 935 vel
186 871 362 957 habentur,
390 873 571 937 animorum
596 876 702 935 motus
726 870 840 935 leniter
862 871 945 955 agit,
973 894 1010 936 sc
1036 872 1238 938 mollioribus
1262 894 1337 938 con-

112 977 207 1042 sultis
235 1001 425 1064 componere
452 982 484 1043 et
516 1000 632 1062 pacare
660 982 800 1062 mentes,
832 999 928 1061 quam
957 978 987 1041 vi
1018 978 1149 1044 domare
1177 980 1337 1065 simulque

112 1086 302 1150 exacerbare
327 1085 464 1150 mavult:
491 1107 549 1150 nec
573 1086 610 1149 de
634 1086 687 1168 iis,
715 1106 796 1169 quae
824 1106 892 1149 non
920 1084 959 1146 ad
987 1085 1169 1150 litterarum
1198 1086 1338 1169 scholas,

113 1190 168 1255 sed
191 1191 233 1256 ad
255 1214 322 1256 rem
349 1192 510 1276 publicam
539 1192 721 1256 universam
749 1191 925 1274 pertinent,
953 1192 1032 1255 satis
1060 1196 1164 1257 tutam
1192 1193 1336 1277 disputa·

111 1299 233 1363 tionem
256 1320 379 1382 censeo,
402 1303 573 1383 propterea
596 1299 680 1383 quod
704 1299 743 1362 de
767 1298 915 1362 maximis
934 1298 1039 1381 rebus,
1062 1301 1139 1384 quia
1161 1300 1228 1365 fere
1252 1302 1336 1365 clam

110 1410 278 1490 geruntur,
311 1428 377 1470 non
409 1406 580 1490 unicuique
608 1405 761 1471 iudicium
789 1408 931 1488 constat,
964 1409 996 1468 et
1026 1406 1179 1491 quidquid
1207 1406 1336 1491 dixeris,

109 1517 166 1576 aut
188 1513 417 1577 assentationis
446 1518 503 1577 aut
530 1512 772 1577 obtrectationis
796 1511 922 1575 crimini
948 1512 1074 1594 copiam
1103 1512 1225 1578 feceris.
1270 1512 1335 1578 lta-

108 1640 170 1701 que
194 1619 235 1683 ab
258 1618 320 1685 hoc
343 1618 543 1702 amplissimo
567 1641 680 1702 campo
705 1639 755 1683 me
779 1617 944 1701 contineo,
968 1619 1115 1701 maloque
1138 1619 1225 1704 quod
1249 1643 1335 1684 sum·

109 1746 196 1788 mum
220 1728 271 1789 est-
291 1747 358 1790 non
381 1726 544 1809 consequi,
572 1747 667 1809 quam
691 1726 726 1790 iu
750 1748 788 1791 eo
811 1725 999 1809 periclitari,
1017 1725 1078 1809 cui
1102 1747 1152 1789 me
1176 1727 1334 1811 imparem

111 1832 225 1897 sentio.
278 1829 384 1896 Hodie
416 1831 450 1894 in
486 1832 605 1896 litteris
640 1832 791 1896 consisto.
846 1830 934 1906 Quae
967 1831 1156 1896 incredibile
1188 1836 1238 1897 est
1271 1856 1334 1917 quo

108 1937 215 2004 studio
248 1938 428 2022 quibusque
460 1939 544 2003 curis
576 1943 652 2022 post
689 1937 774 2002 bella
810 1936 984 2021 profligata
1016 1937 1049 2001 in
1083 1938 1189 2020 patria
1221 1943 1333 2004 nostra

109 2044 237 2110 alantur
265 2049 297 2109 et
320 2044 523 2130 adiuventur,
553 2044 638 2129 quod
661 2048 698 2109 ut
724 2045 758 2108 in
781 2044 896 2107 ceteris
920 2042 1039 2108 scholis
1069 2044 1278 2110 emendandis
1303 2052 1335 2110 et

108 2151 300 2216 exornandis
328 2153 480 2236 cernitur,
511 2151 558 2215 ita
585 2151 618 2214 in
648 2150 893 2217 universitatum
921 2150 1103 2216 rationibus
1131 2152 1333 2235 apertissime

107 2257 314 2341 conspicitur.
358 2256 475 2323 Nonne
503 2257 602 2335 enim,
634 2260 670 2322 ut
697 2256 1000 2339 l'ratislaviensem,
1028 2256 1333 2342 Regiomontanam,

107 2366 253 2428 nostram
276 2364 379 2448 ipsam
403 2385 488 2428 nunc
508 2364 667 2447 omittam,
689 2362 865 2427 Halensem
885 2362 1091 2447 academiam,
1114 2386 1196 2448 quae
1220 2364 1334 2431 hostili

107 2469 183 2534 odio
215 2470 265 2535 bis
294 2471 453 2535 exstincta
480 2474 563 2554 erat,
594 2469 742 2534 munifice
774 2468 960 2532 restitutam
991 2471 1024 2532 et
1051 2470 1333 2556 Vitebergensium

107 2576 334 2642 coniunctione
357 2579 519 2642 firmatam
543 2577 722 2661 opibusque
745 2575 881 2641 ditatam
904 2574 1072 2641 videmus?
1110 2576 1227 2643 Nonne
1251 2578 1333 2664 Gry-

106 2682 368 2768 phiswaldensis‚
400 2686 452 2750 cui
480 2686 573 2749 multi
602 2688 747 2749 extrema
778 2686 972 2766 metuerant,
1002 2688 1211 2749 conservatur
1238 2689 1272 2751 et
1299 2687 1333 2751 in

106 2792 272 2857 meliorem
301 2796 421 2858 statum
449 2790 640 2856 adducitur?
687 2789 771 2866 Quid
799 2788 885 2874 quod
913 2788 1027 2854 Rheno
1055 2790 1183 2855 flumini
1209 2793 1333 2876 patriae.

105 2899 292 2984 nuperrime
320 2904 507 2983 recuperato
537 2899 621 2963 iuter
648 2919 736 2962 arces
764 2901 798 2961 et
824 2896 985 2979 praesidia
1015 2897 1182 2982 militaria,
1216 2900 1333 2985 quibus

105 3006 249 3072 hostium
273 3007 411 3090 impetus
440 3028 619 3088 arceamus,
642 3006 824 3093 litterarum
851 3025 976 3088 quoque
1000 3004 1235 3070 validissimum
1259 3028 1331 3090 pro·

107 3114 324 3197 pugnaculum
348 3114 531 3199 apponitur,
555 3113 641 3198 quod
664 3134 729 3177 non
752 3111 910 3176 infirmius
931 3109 1166 3178 Germanorum
1190 3114 1331 3180 libertati

106 3222 343 3286 munimentum
375 3223 444 3287 fore
477 3241 685 3306 auguramur,
722 3242 819 3304 quam
852 3218 1095 3304 Mogontiacum
1132 3223 1166 3284 et
1198 3222 1333 3286 castello

107 3326 366 3393 Confluentidm?
399 3327 520 3412 ‘Igitur
546 3327 579 3391 in
607 3330 701 3390 tanta
727 3326 885 3391 bonarum
915 3327 1031 3392 artium
1065 3327 1331 3392 stabiliendorum

107 3435 313 3499 contentione
341 3435 431 3498 iuvat
457 3454 663 3518 cognoscere,
691 3433 766 3517 quid
795 3434 838 3497 sit
864 3434 1069 3517 potissimum
1098 3434 1182 3518 quod
1210 3435 1331 3499 littera-

105 3563 177 3606 rum
201 3541 308 3606 studia
330 3540 376 3604 rei
401 3540 548 3624 publicae
571 3540 723 3633 utilitatis
747 3540 892 3624 afferant,
914 3544 948 3605 et
967 3541 1172 3624 quamobrem
1192 3542 1332 3606 maxime

106 3671 126 3713 a
158 3648 359 3732 sapientibus
397 3647 576 3713 civitatium
612 3647 886 3731 moderatoribus,
921 3647 1006 3713 inter
1038 3671 1118 3733 quos
1150 3648 1332 3715 Fridericus

106 3754 285 3820 Guilelmus
312 3753 471 3840 imprimis
499 3754 660 3838 insignem
688 3753 794 3819 locum
826 3756 928 3837 tenet,
960 3755 1153 3838 impensiore
1182 3778 1260 3821 cura
1288 3758 1331 3821 ali

97 3865 139 3927 -et
160 3861 264 3928 foveri
287 3861 465 3926 videantur.

195 3967 281 4032 Nam
308 3969 369 4032 etsi
398 3968 546 4052 equidem
575 3968 615 4032 ab
644 3969 684 4032 iis
711 3991 777 4033 non
804 3988 998 4052 magnopere
1021 3969 1192 4053 dissentio,
1219 3969 1332 4053 quiin

105 4077 222 4141 litteris
246 4075 324 4139 utile
348 4076 478 4141 omuino
502 4098 568 4141 non
590 4077 808 4160 spectandum,
832 4076 887 4140 sed
911 4098 975 4160 eas,
997 4080 1034 4140 ut
1057 4077 1216 4160 optimum
1240 4077 1332 4160 quid-

106 4204 167 4267 que
195 4187 228 4247 et
254 4183 406 4247 virtutem
435 4183 553 4267 ipsam,
585 4206 644 4248 sua
676 4206 774 4248 causa
803 4206 872 4249 esse
899 4183 1049 4249 colendas
1078 4188 1110 4248 et
1138 4184 1331 4249 exercendas

105 4289 228 4372 dicunt,
257 4291 416 4355 tamensi
441 4291 559 4373 abiis,
589 4312 670 4376 quae
698 4312 771 4354 vere
799 4290 886 4355 bona
913 4293 992 4374 sint,
1020 4312 1130 4356 veram
1157 4289 1331 4354 utilitatem

105 4396 270 4481 segregari
292 4417 358 4460 non
385 4419 481 4480 posse
508 4397 690 4481 considero,
717 4397 815 4461 etiam
843 4397 968 4463 litteras
995 4397 1109 4463 debere
1136 4397 1231 4461 utiles
1260 4418 1332 4461 esse

105 4502 193 4569 haud
221 4523 317 4588 aegre
344 4503 495 4570 concedo.
541 4503 653 4588 Neque
681 4526 756 4569 vero
784 4505 869 4569 hanc
896 4505 1069 4570 utilitatem
1098 4504 1239 4589 appello,
1267 4526 1332 4588 qua
