2760 4868
572 174 787 237 ..69-

144 330 251 416 Igitur
276 331 337 396 ubi
362 331 531 423 quaeritis,
557 331 598 395 ad
621 353 794 416 quemnam
818 333 965 398 homines
989 334 1110 398 cultum
1133 333 1293 398 formandi

62 445 155 524 atque
183 438 348 503 educandi
377 438 456 519 sint,
485 438 643 522 duplicem
671 460 741 503 esse
768 440 963 522 respondeo:
992 441 1129 504 alterurn
1156 442 1293 526 singulis

63 546 257 629 peculiarem
286 548 321 608 et
351 545 532 629 proprium,
565 568 628 630 quo
661 546 794 631 quisque
827 547 866 610 ad
898 549 999 611 artem
1032 551 1089 611 aut
1120 549 1293 633 opificium,

62 676 125 737 quo
161 653 287 717 victum
325 673 478 736 quaerere
518 653 659 736 studeat,
701 658 795 737 aptus
833 653 1004 738 efficiatum
1047 654 1196 739 alterum,
1238 658 1292 741 qui

62 760 244 825 communis
274 759 441 841 omnibus,
468 781 548 842 quos
576 763 609 823 et
632 764 747 824 natura
769 760 849 841 illis,
877 760 992 844 quibus
1016 783 1096 844 opus
1121 766 1182 843 est,
1210 763 1292 826 doti-

63 869 122 931 bus
144 867 351 948 instruxerit,
378 870 411 929 et
433 866 566 931 fortuna
588 887 627 931 eo
654 866 726 932 loeo
755 867 975 950 collocaverit,
1003 869 1043 931 iis
1067 872 1104 932 ut
1127 870 1292 953 adspirare

63 974 102 1038 ad
135 974 373 1059 elegantiorem
410 973 623 1037 eruditionem
656 997 712 1057 per
746 997 813 1038 rem
851 975 1043 1038 familiarem
1080 975 1189 1058 liceat,
1225 998 1290 1041 non

62 1086 216 1166 quaestus
239 1102 298 1145 nec
321 1081 408 1145 vitae
435 1080 667 1145 sustentandae
693 1103 791 1145 eausa
814 1086 1032 1165 comparatur,
1061 1081 1118 1145 sed
1142 1104 1234 1146 suum
1258 1084 1291 1146 in
1347 1157 1354 1176 ι

63 1210 131 1251 sese
159 1188 257 1251 finem
285 1188 463 1271 repositum
495 1186 619 1251 habens
651 1188 736 1252 hand
764 1188 852 1251 aliud
880 1188 930 1253 vel
959 1188 1057 1252 efficit
1084 1189 1134 1253 vel
1167 1189 1291 1253 efficere

62 1298 215 1378 conatur,
247 1295 310 1357 nisi
343 1297 381 1359 ut
413 1293 495 1359 vires
524 1294 773 1379 uniuscuiusque
803 1295 972 1360 universae
1001 1317 1098 1378 quam
1129 1296 1291 1379 perfectis·

62 1402 141 1466 sime
180 1401 384 1485 explicentur
418 1405 451 1465 et
487 1407 707 1466 exerceantur:
749 1422 843 1485 quem
882 1405 939 1466 aut
975 1401 1140 1466 liberalem
1178 1402 1219 1465 ob
1258 1404 1290 1467 id

61 1510 185 1593 ipsum,
214 1507 300 1591 quod
323 1507 475 1591 diximus,
503 1513 561 1573 aut
588 1509 672 1592 quod
700 1511 828 1591 praeter
856 1508 1089 1573 humanitatem
1118 1509 1199 1572 nihil
1224 1533 1292 1594 spe-

62 1620 143 1698 ctat,
172 1614 349 1679 humanum
374 1615 535 1698 appellare
563 1616 675 1680 solent.
720 1613 833 1699 Neque
862 1615 947 1679 enim
971 1617 1000 1679 si
1022 1615 1196 1680 humanam
1223 1640 1291 1681 eru-

62 1723 217 1788 ditionem
246 1721 396 1804 dicimus,
428 1720 523 1786 huius
555 1722 702 1787 vocabuli
736 1721 971 1806 significatione
999 1725 1057 1786 aut
1086 1723 1126 1787 ab
1159 1724 1291 1787 animali

61 1832 117 1893 aut
145 1851 167 1892 a
194 1828 304 1893 divina
335 1832 453 1892 natura
485 1828 635 1893 dirimere
665 1827 840 1892 humanam
869 1829 1032 1892 volumus:
1064 1830 1163 1893 immo
1192 1853 1289 1914 quum

61 1936 146 2000 inter
169 1938 342 2019 utramque
371 1934 565 2018 interposita
589 1938 621 1998 et
647 1935 814 2019 utriusque
843 1935 1004 2019 particeps
1032 1958 1102 2000 esse
1130 1937 1290 2022 intelliga-

61 2050 125 2125 tur,
155 2040 291 2105 humani
316 2041 423 2106 cultus
447 2043 530 2107 ratio
553 2043 600 2106 ita
623 2046 810 2125 comparata
833 2045 896 2125 est,
919 2051 956 2106 ut
978 2047 1047 2107 tum
1070 2045 1154 2128 quod
1179 2045 1289 2111 divino

60 2151 237 2234 cognatum
264 2148 300 2211 in
328 2147 513 2214 hominibus
537 2153 599 2232 est,
629 2148 661 2213 id
691 2148 881 2233 spargendis
910 2150 1076 2235 religionis
1105 2153 1290 2236 seminibus,

60 2257 255 2339 divinaeque
289 2261 438 2338 naturae,
475 2259 633 2341 quatenus
665 2256 750 2320 hanc
783 2256 983 2340 cogitatione
1017 2258 1143 2343 assequi
1175 2280 1289 2342 possu-

60 2386 146 2449 mus,
173 2361 360 2448 cognitione
383 2363 564 2446 excitanda,
593 2368 689 2449 atque
718 2363 850 2428 omnino
881 2364 983 2428 animi
1011 2368 1044 2428 et
1066 2365 1190 2449 ingenii
1213 2366 1290 2430 viri-

61 2471 120 2534 bus
143 2469 304 2555 fingendis
328 2469 635 2554 corroborandisque
659 2471 836 2554 excolatur,
860 2474 929 2534 tum
949 2492 1046 2554 quam
1070 2475 1195 2555 partem
1214 2495 1288 2536 cum

58 2575 163 2641 beluis
197 2597 403 2641 communem
439 2576 608 2658 habemus,
645 2598 830 2661 corpoream
865 2582 1016 2643 naturam
1048 2578 1132 2661 dico,
1171 2600 1208 2642 ea
1241 2579 1289 2643 ita

59 2683 231 2763 formetur,
263 2687 300 2746 ut
332 2686 364 2746 et
396 2684 529 2747 minime
561 2684 698 2748 molesta
730 2685 837 2748 animo
871 2685 915 2748 sit
947 2687 980 2748 et
1011 2684 1111 2747 animi
1143 2686 1287 2749 consiliis

58 2813 157 2875 quam
194 2790 264 2854 fieri
306 2793 415 2872 potest
451 2789 571 2873 optime
609 2791 809 2874 obtemperet
845 2794 942 2874 atque
977 2791 1139 2854 inserviat.
1199 2789 1289 2866 Quae

59 2920 159 2983 quum
191 2897 238 2961 ita
266 2897 347 2980 sint,
378 2918 483 2980 neque
511 2897 629 2960 mentis
658 2899 762 2962 cultus
791 2897 923 2961 omnino
952 2896 1108 2975 liberalis,
1136 2917 1195 2960 nec
1223 2919 1289 2962 cor·

59 3005 148 3089 poris
179 3002 350 3067 illiberalis
377 3001 545 3066 habendus
576 3008 638 3085 est;
668 3003 722 3067 sed
750 3025 944 3087 quamquam
973 3004 1073 3067 animi
1103 3003 1287 3088 ingeniique

58 3111 221 3176 formandi
253 3110 396 3174 studium
429 3113 465 3173 nt
491 3109 665 3192 plurimum
696 3110 829 3174 liberale
856 3132 991 3193 vereque
1023 3111 1201 3176 humanum
1229 3116 1287 3194 est,

59 3225 168 3282 tamen
193 3217 225 3281 id
250 3239 378 3302 quoque
401 3218 436 3280 in
459 3220 628 3301 quaestum
652 3218 735 3281 verti
760 3239 856 3300 posse
880 3221 1020 3282 constat:
1050 3223 1086 3281 ut
1114 3218 1168 3302 qui
1199 3222 1286 3282 artes

59 3332 90 3390 et
113 3325 280 3390 doctrinas
304 3323 509 3407 profitentur,
537 3345 574 3386 ex
598 3323 648 3386 his
672 3324 751 3407 ipsis
775 3324 898 3387 lucrum
924 3328 956 3388 et
979 3325 1112 3408 capiunt
1136 3330 1168 3388 et
1191 3347 1286 3409 quae·

60 3455 130 3497 rere
158 3432 281 3497 solent:
313 3434 346 3494 et
377 3452 509 3513 prorsus
542 3436 654 3494 contra
681 3431 823 3514 eorporis
857 3432 977 3496 viribus
1012 3431 1196 3495 exercendis
1230 3433 1286 3516 qni

60 3539 143 3604 nihil
172 3539 236 3602 nisi
264 3538 371 3621 ipsam
398 3537 544 3619 eorporis
572 3536 802 3619 perfectionem
830 3539 955 3622 quaerit
978 3537 1018 3602 ab
1047 3538 1195 3602 omnibus
1219 3539 1287 3622 opi-

59 3647 123 3711 ficii
151 3645 300 3710 sordibus
328 3647 499 3728 remotam,
531 3665 605 3707 eum
637 3644 803 3708 liberalem
837 3667 966 3728 operam
1000 3648 1163 3728 praestare
1192 3667 1286 3714 nemo

59 3753 120 3816 erit
148 3752 204 3836 qui
233 3750 368 3815 dubitet.
418 3750 573 3814 Attamen
603 3750 630 3814 si
658 3749 807 3815 liberales
836 3757 920 3815 artes
954 3755 1123 3836 quaestum
1157 3751 1286 3815 coniun-

59 3864 145 3923 ctum
171 3858 304 3941 habent,
328 3858 369 3921 ab
392 3858 441 3941 iis,
465 3858 519 3940 qui
543 3879 597 3921 eas
621 3862 707 3921 recte
731 3862 881 3941 tractant,
907 3881 973 3923 non
998 3858 1038 3923 ob
1063 3858 1168 3940 ipsum
1193 3881 1285 3941 quae·

58 3973 144 4030 stum
178 3969 379 4047 exercentur,
416 3965 470 4028 sod
505 3963 589 4048 quod
628 3964 755 4028 illarum
790 3966 989 4030 iucunditate
1023 3968 1055 4028 et
1086 3966 1286 4047 praestantia

58 4077 213 4136 tenentur
248 4078 281 4135 et
312 4072 524 4154 delectantur,
562 4071 647 4154 quod
680 4093 760 4154 quae
793 4073 872 4155 ipsis
906 4074 1033 4156 placent
1065 4076 1161 4156 atque
1194 4072 1286 4135 utilia

57 4179 222 4260 videntur,
250 4179 347 4243 latius
372 4178 584 4243 disseminare
609 4200 808 4262 summopere
833 4179 979 4262 cupiunt,
1008 4182 1172 4260 postremo
1201 4178 1286 4261 quod

56 4286 148 4349 nulla
177 4307 212 4349 re
243 4308 340 4369 quam
364 4286 452 4350 cultu
476 4286 678 4370 ingeniorum
704 4289 736 4349 et
759 4284 901 4349 humana
929 4285 1106 4348 eruditione
1136 4285 1286 4349 universa

55 4394 165 4457 maius
200 4392 393 4456 mortalibus
430 4391 633 4457 commodum
670 4392 776 4457 afferri
813 4405 908 4476 posse
946 4391 1007 4455 sibi
1044 4396 1285 4474 persuaserant:

58 4499 217 4586 quidquid
243 4520 317 4563 vero
345 4498 420 4562 inde
449 4500 490 4564 ad
512 4500 600 4584 ipsos
629 4499 710 4564 lucri
732 4500 891 4583 pervenit,
919 4523 956 4563 ea
985 4504 1091 4562 mente
1116 4499 1285 4582 accipiunt,
