2760 4868
585 214 869 279 -15-·

28 452 30 457 Ι
86 371 169 435 cuius
192 373 343 456 quotiens
368 394 431 459 ego
455 373 596 456 memini,
620 374 768 459 quotiens
793 373 964 438 candorem
988 373 1087 437 animi
1112 374 1307 459 singularem

28 498 30 527 2
86 484 114 539 et
134 478 319 543 comitatem
344 479 497 545 eximiam
516 480 668 546 recordor
687 481 789 545 tantis
808 479 932 564 ingenii
951 479 1080 544 dotibus
1101 480 1305 546 coniunctam

85 585 198 649 totiens
227 586 339 652 dolore
369 588 526 672 corripior
553 589 605 653 vel
631 588 766 666 invitus,
793 591 890 672 atque
918 609 938 650 a
965 608 1029 664 me,
1060 588 1114 672 qui
1138 588 1308 653 familiaris

84 712 143 755 non
176 692 238 776 fui,
270 693 309 758 de
343 695 384 761 iis
412 699 554 760 vestmm
583 695 800 761 coniecturam
828 694 926 778 facio,
959 695 1013 778 qui
1041 695 1193 760 virtutem
1222 697 1308 760 illius

84 819 137 860 usu
163 798 266 884 longo
294 803 529 888 cognoveratis.
573 801 664 867 Have
693 802 824 887 egregia
852 801 974 867 anima:
1003 805 1060 865 tua
1083 804 1240 868 memoria
1262 803 1307 867 vi-

83 905 180 969 vitet
204 898 411 994 victura-est,
435 932 530 995 quam
554 909 587 975 in
612 910 796 994 pectoribus
821 910 949 992 uostris,
972 909 1006 973 in
1030 910 1237 975 monimentis
1259 911 1305 974 in-

82 1011 176 1095 genii,
199 1012 237 1076 in
261 1014 422 1081 bonorum
447 1017 590 1081 omnium
614 1016 854 1081 existimatione
878 1016 1054 1099 repositam
1076 1017 1187 1082 habes.

162 1118 285 1185 Tribus
307 1123 414 1188 verbis
438 1124 548 1208 aperui
572 1145 685 1188 sensus
705 1127 851 1187 nostros:
875 1144 941 1188 non
960 1123 1189 1208 indulgendum
1209 1124 1305 1189 hodie

80 1226 225 1308 querelis.
271 1226 462 1295 Referemus
491 1230 604 1314 pedem
632 1252 651 1294 a
679 1229 791 1294 funere
818 1235 851 1319 et
874 1234 1100 1295 convertamur
1123 1231 1162 1295 ad
1193 1253 1303 1315 preces

79 1331 258 1399 tundendas
293 1357 351 1419 pro
378 1335 540 1421 Principis
568 1338 684 1422 optimi
711 1339 815 1403 salute
843 1341 1007 1423 perpetua.
1057 1336 1171 1422 ltaque
1199 1338 1302 1403 Deum

78 1440 243 1525 Optimum
272 1441 449 1509 Maximum
480 1467 671 1510 veneramur
703 1445 759 1530 pia
789 1449 910 1530 mente,
942 1449 990 1528 ut,
1024 1467 1122 1529 quum
1149 1445 1303 1509 mortales

79 1550 152 1614 velit
181 1572 283 1635 qnam
310 1551 523 1635 probissimos
552 1557 585 1617 et
607 1552 813 1617 felicissimos
838 1574 923 1635 esse,
952 1556 1058 1617 servet
1079 1551 1174 1617 nobis
1196 1551 1303 1617 Fride·

77 1656 173 1722 ricum
203 1655 415 1740 Guilelmum‚
446 1657 569 1743 Regem
599 1658 887 1743 sapientissimum,
914 1658 1142 1743 iustissimum,
1168 1660 1303 1724 clemen-

78 1764 255 1847 tissimum,
282 1764 399 1829 civium
427 1764 614 1830 excitandae
637 1763 750 1829 virtuti
773 1763 1013 1849 commodisque
1037 1763 1225 1828 adiuvandis
1247 1786 1303 1828 na·

77 1876 155 1953 tum3
180 1870 320 1936 consilia
342 1871 444 1956 ipsius
467 1871 513 1935 rei
535 1871 683 1956 publicae
703 1871 921 1955 prosperrima
940 1871 1101 1950 secundet,
1123 1871 1303 1956 civiumque

76 1979 200 2044 animos
233 2000 273 2042 ea
305 1978 431 2044 imbuat
457 1979 565 2064 legum
597 1978 790 2060 reverentia,
821 1977 1008 2062 patriaeque
1041 1983 1074 2043 et
1105 1977 1213 2043 Patris
1246 2000 1302 2062 pa·

75 2086 152 2150 triae
187 2106 314 2163 amore,
352 2085 406 2169 qui
439 2085 566 2170 imperii
597 2085 725 2151 labores
757 2084 1005 2149 molestissimos
1043 2089 1100 2149 aut
1134 2085 1302 2150 sublevare

75 2192 133 2276 ipsi
170 2198 231 2257 aut
267 2191 401 2257 reddere
439 2192 536 2256 etiam
568 2192 724 2258 iucundos
761 2193 877 2277 possit:
915 2192 1028 2256 deinde
1061 2195 1097 2255 ut
1128 2195 1299 2277 augustum

75 2298 257 2384 Principem
286 2299 382 2384 regni
402 2298 572 2381 heredem,
604 2321 694 2383 spem
723 2320 761 2363 ac
788 2297 917 2364 delicias
943 2298 1071 2384 populi,
1103 2298 1143 2363 ad
1170 2297 1303 2362 nobilis·

76 2407 189 2471 simum
215 2406 323 2490 patris
352 2406 532 2491 exemplum
560 2406 690 2486 formet,
718 2406 925 2490 paternisque
953 2406 1030 2471 olim
1059 2405 1183 2470 artibus
1212 2426 1301 2488 prae-

75 2519 135 2579 stet
165 2513 398 2578 excellentem:
430 2516 595 2597 postremo
622 2516 660 2577 ut
683 2513 870 2604 universam
897 2512 1028 2577 domum
1055 2511 1240 2598 Augustam
1267 2511 1301 2576 in

75 2643 164 2686 omne
187 2642 309 2686 aevum
333 2623 554 2685 sustentatae
578 2621 722 2703 sospitet
