2760 4868
542 168 761 233 ..ffi-

41 327 155 392 bantia
177 327 373 408 deterreant3
396 334 563 409 praeterea
582 348 731 411 agrorum
753 325 914 410 possessio
937 322 1104 389 litterariis
1123 322 1271 408 collegiis

43 435 127 498 inter
150 434 276 518 legatos
296 433 367 497 iura
393 432 504 516 populi
527 437 653 497 tuentes
681 434 852 498 honestum
875 436 908 496 et
933 429 1111 495 eruditione
1134 429 1271 514 dignum

42 542 149 606 locum
173 540 365 626 assignavit3
397 539 544 624 quodque
570 541 718 624 publicae
746 539 875 605 scholae
904 537 970 602 suis
999 536 1114 621 opibus
1140 536 1271 601 innixae

42 651 268 713 sacrosanctae
292 646 492 729 videbantur,
516 647 642 729 privata
661 668 787 731 quoque
806 645 933 729 piorum
956 643 1136 729 litterisque
1160 643 1271 708 faven-

41 755 123 819 tium
147 753 314 819 hominum
339 753 474 817 incitata
496 752 675 818 liberalitas
698 756 761 837 111,
790 776 843 816 111
867 757 903 817 11
926 751 1021 816 donis
1045 754 1078 814 et
1101 751 1271 817 beneficiis

43 867 190 945 augeret:
217 861 319 926 donec
342 865 489 944 potentes
515 861 720 925 ostenderent
744 861 806 924 sibi
830 882 889 923 nec
912 860 1067 943 pudorem
1091 880 1151 922 nec
1173 858 1271 923 fidem

42 990 101 1032 nec
129 968 319 1052 religionem
349 967 493 1050 obstare,
521 990 583 1051 quo
611 968 718 1031 nrinus
744 967 949 1051 sacrilegium
973 966 1132 1030 auderent
1179 965 1271 1042 Quae

42 1076 97 1139 ubi
125 1074 258 1139 candide
286 1074 452 1158 profiteor:
480 1072 618 1138 historia
645 1075 731 1138 enim
755 1096 830 1138 vera
854 1096 923 1138 esse
951 1073 1081 1156 evincit,
1109 1094 1167 1136 nec
1194 1072 1272 1138 huic

42 1182 113 1246 loco
142 1181 194 1245 vel
220 1202 310 1245 meae
342 1201 499 1263 personae
532 1200 723 1265 congruum,
756 1181 896 1245 fucatam
926 1182 959 1243 et
990 1178 1138 1245 fallacem
1172 1180 1271 1253 rebus

43 1289 158 1353 faciem
182 1287 328 1351 induere:
352 1285 438 1351 haud
462 1309 574 1352 vereor
597 1287 707 1351 necui
730 1291 877 1351 nostram
897 1286 1059 1350 civitatem
1079 1286 1272 1351 calumniari

43 1396 166 1479 videar,
204 1416 284 1478 quae
320 1393 355 1457 in
391 1395 492 1458 tantis
524 1394 619 1457 malis
652 1397 748 1477 atque
781 1394 945 1478 angustiis
976 1393 1272 1476 temperantissime

42 1503 121 1589 egit,
154 1507 187 1566 et
214 1523 312 1586 quum
341 1500 479 1564 maxime
508 1499 540 1563 id
568 1500 650 1583 agit,
683 1503 719 1563 ut
749 1501 903 1564 ecclesiae
932 1504 964 1564 et
995 1500 1177 1564 litterarum
1210 1499 1272 1565 1101

41 1611 209 1695 honosque
237 1611 444 1673 conservetur
472 1612 505 1670 et
531 1612 665 1690 crescat,
699 1630 719 1670 a
751 1607 898 1671 sordibus
931 1609 1038 1670 autem
1069 1609 1101 1669 et
1133 1607 1272 1671 avaritia

42 1721 169 1782 tantum
202 1716 308 1798 abest,
341 1719 377 1779 ut
410 1713 643 1797 benignissima
670 1718 703 1778 et
736 1713 1035 1778 munificentissima
1065 1714 1180 1778 merito
1213 1713 1271 1777 ha-

43 1825 166 1888 beatur.
211 1820 280 1886 Neo
303 1822 342 1885 de
370 1820 477 1885 lundis
502 1823 533 1883 et
556 1821 642 1904 agris
667 1819 769 1885 dicere
793 1821 912 1904 incepi,
941 1825 990 1904 ut,
1019 1842 1101 1904 quae
1126 1824 1272 1884 extrema

44 1952 121 1996 sane
154 1929 353 2012 impudentia
389 1928 486 2009 10111,
522 1926 583 1991 hoc
621 1948 681 2011 ego
718 1928 867 2012 cuiquam
905 1927 1146 2010 exprobrarem,
1184 1927 1271 2011 quod

42 2043 155 2104 nostra
186 2036 367 2100 litterarum
400 2032 509 2098 schola
546 2034 608 2098 hoc
639 2034 864 2118 perpetuitatis
901 2033 993 2119 quasi
1028 2033 1166 2117 pignore
1203 2055 1271 2097 non

42 2148 175 2228 fruitur3
213 2141 268 2207 sed
301 2162 364 2226 quo
397 2162 448 2204 me
481 2141 637 2204 orationis
675 2163 786 2205 cursus
823 2141 951 2224 detulit,
987 2140 1019 2203 id
1051 2140 1143 2204 nolui
1176 2141 1272 2205 anxie

44 2255 193 2320 devitare.
238 2247 341 2312 Immo
370 2247 404 2310 in
433 2246 558 2310 diversa
585 2248 682 2330 plane
710 2247 910 2331 condicione,
938 2247 1043 2330 qualis
1071 2250 1185 2311 nostra
1214 2250 1272 2330 est,

42 2361 127 2427 haud
157 2359 274 2442 exigua
303 2353 471 2418 commoda
498 2353 599 2418 video.
648 2353 688 2419 In
716 2356 832 2439 quibus
861 2358 923 2438 est,
953 2353 1038 2438 quod
1066 2375 1147 2437 quae
1178 2354 1271 2419 scho-

43 2471 94 2534 lae
122 2469 169 2533 ita
196 2466 237 2530 ab
266 2460 353 2524 omni
381 2462 473 2543 parte
500 2461 645 2525 munitae
671 2467 760 2545 sunt,
789 2466 824 2525 ut
851 2461 939 2526 nullo
968 2483 1059 2544 casu,
1087 2461 1177 2525 nulla
1206 2483 1271 2526 me-

44 2568 145 2632 diocri
167 2565 213 2645 vi,
238 2567 329 2631 nulla
352 2566 403 2630 111
426 2566 571 2651 legitima
595 2569 643 2632 vel
668 2572 752 2633 certe
781 2568 942 2652 probabili
967 2589 1064 2632 causa
1087 2569 1271 2652 oppugnari

44 2679 101 2740 aut
127 2674 289 2758 exstingui
318 2696 413 2758 posse
441 2674 624 2758 videantur,
656 2676 751 2740 facilc
784 2676 901 2740 inertia
933 2675 1160 2759 languescunt3
1193 2674 1271 2739 dum

43 2783 77 2846 iu
105 2783 159 2864 111,
191 2803 273 2868 quae
301 2781 396 2866 plane
425 2803 463 2845 ex
490 2781 538 2845 rei
564 2782 712 2865 publicae
741 2782 874 2847 arbitrio
902 2783 1045 2866 pendent
1072 2802 1130 2864 pro
1157 2786 1272 2865 poten-

43 2892 113 2952 tum
141 2889 285 2954 cousiliis
313 2888 534 2972 instituisque
562 2890 664 2973 vario,
694 2911 804 2954 ornnes
831 2889 1034 2973 ingeniorum
1059 2888 1140 2952 vires
1166 2889 1272 2952 acrius

45 2996 236 3060 exercendae
270 3000 358 3079 sunt,
396 2999 428 3059 et
464 2997 556 3080 quasi
588 2997 707 3062 intenti
743 2996 909 3079 paratique
947 2994 1091 3059 incedere
1128 2994 1272 3058 universi

45 3101 176 3185 debent,
205 3123 245 3165 ne
274 3102 349 3186 quid
378 3125 513 3187 usquam
542 3105 639 3169 soluti
668 3107 724 3167 aut
752 3102 878 3166 remissi
906 3106 1074 3185 appareat:
1106 3105 1272 3185 praeterea

47 3208 131 3293 quod
159 3207 220 3272 hae
248 3209 338 3292 ipsae
365 3209 494 3274 facilius
522 3211 698 3293 emendari,
731 3200 849 3274 sa'eculi
879 3208 1010 3292 ingenio
1039 3210 1071 3271 et
1098 3209 1271 3272 necessita·

44 3316 131 3380 tibus
165 3316 414 3398 accommodari,
451 3316 586 3401 denique
624 3317 664 3380 ad
701 3319 855 3381 maiorem
890 3314 1121 3398 perlectionem
1156 3315 1272 3379 adduci

44 3428 195 3506 possunt3
225 3426 257 3486 et
285 3424 438 3508 quoniam
462 3444 569 3486 earum
595 3423 682 3487 salus
706 3423 810 3507 magis
834 3423 866 3485 in
890 3444 924 3486 re
952 3421 1083 3505 publica
1106 3427 1163 3485 aut
1184 3423 1271 3505 prin·

44 3530 115 3614 cipe
143 3531 251 3614 posita
273 3534 335 3611 est,
366 3531 542 3613 impensius
569 3531 636 3594 fere
660 3531 700 3594 ab
724 3530 775 3594 his
799 3531 960 3612 coluntur,
989 3528 1195 3612 adiuvantur,
1224 3530 1272 3593 fo·

44 3641 173 3721 ventur,
207 3660 302 3721 quam
337 3659 418 3721 quae
451 3638 571 3702 maiore
605 3637 755 3701 libertate
787 3637 951 3721 praeditae
984 3640 1068 3699 suut.
1117 3635 1162 3698 Et
1195 3641 1273 3699 sunt

45 3744 189 3826 profecto
218 3744 280 3808 duo
308 3744 448 3827 pignora
476 3745 621 3830 egregia,
653 3745 768 3829 quibus
797 3740 955 3808 confidere
984 3742 1165 3806 academiae
1199 3765 1272 3825 pos-

45 3851 122 3935 sint,
154 3850 289 3915 alterum
322 3852 355 3914 in
389 3851 434 3914 rei
466 3851 626 3935 publicae,
659 3851 794 3914 alterum
822 3850 856 3913 in
890 3873 949 3914 sua
981 3850 1123 3932 ipsarum
1152 3848 1271 3914 virtute

43 3958 196 4041 positum.
247 3957 367 4033 Quodsi
400 3956 486 4021 illius
516 3957 619 4022 virtus
646 3959 790 4042 perierit,
823 3957 874 4021 cui
907 3956 1134 4021 custodiendae
1163 3959 1195 4019 et
1222 3955 1270 4019 in-

44 4065 223 4129 tendendae
256 4064 445 4146 disciplinac
482 4065 619 4128 maxime
651 4065 845 4146 inserviunt,
883 4063 1055 4127 concidant
1091 4063 1166 4126 licet
1198 4084 1270 4126 cum

45 4173 174 4236 civitate
201 4173 340 4254 litterae,
369 4175 405 4234 ut
433 4171 516 4254 apud
545 4171 683 4237 Graecos
713 4176 745 4235 et
772 4169 936 4236 Romanos
966 4168 1187 4233 conciderunt:
1219 4169 1271 4231 sin

45 4279 236 4364 dignitatem
257 4302 347 4344 suam
371 4279 454 4342 tueri
473 4282 506 4342 et
528 4278 590 4342 sibi
613 4279 701 4362 ipsae
723 4277 994 4342 existimationem
1018 4298 1131 4360 parare
1151 4276 1270 4338 artium

45 4385 173 4451 scholae
209 4386 274 4449 iam
311 4407 369 4449 sua
405 4385 536 4469 ignaria
571 4390 748 4470 nequeunt,
789 4385 953 4467 decrepita
994 4404 1128 4466 corpora
1169 4382 1271 4447 emori

45 4496 188 4578 praestat
210 4515 305 4577 quarn
330 4494 507 4576 precariam
535 4494 748 4577 miseramque
772 4492 872 4557 vitam
899 4491 1013 4555 ducere
1038 4494 1070 4554 et
1092 4490 1172 4573 ipsis
1196 4489 1270 4552 civi-
