<?xml version="1.0" encoding="UTF-8"?>
<!DOCTYPE html PUBLIC "-//W3C//DTD XHTML 1.0 Transitional//EN"
    "http://www.w3.org/TR/xhtml1/DTD/xhtml1-transitional.dtd">
<html xmlns="http://www.w3.org/1999/xhtml" xml:lang="en" lang="en">
 <head>
  <title>
</title>
<meta http-equiv="Content-Type" content="text/html;charset=utf-8" />
  <meta name='ocr-system' content='tesseract 3.04.00' />
  <meta name='ocr-capabilities' content='ocr_page ocr_carea ocr_par ocr_line ocrx_word'/>
</head>
<body>
  <div class='ocr_page' id='page_1' title='image "augustboeckhsge00bratgoog_0061.png"; bbox 0 0 2760 4868; ppageno 0'>
   <div class='ocr_carea' id='block_1_1' title="bbox 561 217 778 280">
    <p class='ocr_par' dir='ltr' id='par_1_1' title="bbox 561 217 778 280">
     <span class='ocr_line' id='line_1_1' title="bbox 561 217 778 280; baseline 0 -17"><span class='ocrx_word' id='word_1_1' title='bbox 561 217 778 280; x_wconf 80' lang='grc'><strong>..43-</strong></span> 
     </span>
    </p>
   </div>
   <div class='ocr_carea' id='block_1_2' title="bbox 49 375 1368 4527">
    <p class='ocr_par' dir='ltr' id='par_1_2' title="bbox 49 375 1296 2150">
     <span class='ocr_line' id='line_1_2' title="bbox 49 375 1283 461; baseline 0.001 -22"><span class='ocrx_word' id='word_1_2' title='bbox 49 375 121 439; x_wconf 89' lang='lat' dir='ltr'>urbi</span> <span class='ocrx_word' id='word_1_3' title='bbox 148 378 184 440; x_wconf 85' lang='lat' dir='ltr'>et</span> <span class='ocrx_word' id='word_1_4' title='bbox 206 375 331 440; x_wconf 90' lang='lat' dir='ltr'>litteris</span> <span class='ocrx_word' id='word_1_5' title='bbox 361 376 525 441; x_wconf 74' lang='lat' dir='ltr'>conducit:</span> <span class='ocrx_word' id='word_1_6' title='bbox 552 378 637 456; x_wconf 91' lang='lat' dir='ltr'>urbi,</span> <span class='ocrx_word' id='word_1_7' title='bbox 667 399 707 441; x_wconf 92' lang='lat' dir='ltr'>ne</span> <span class='ocrx_word' id='word_1_8' title='bbox 731 377 817 441; x_wconf 87' lang='lat' dir='ltr'>docti</span> <span class='ocrx_word' id='word_1_9' title='bbox 844 380 1050 461; x_wconf 72' lang='lat' dir='ltr'>censeantur,</span> <span class='ocrx_word' id='word_1_10' title='bbox 1079 377 1134 461; x_wconf 91' lang='lat' dir='ltr'>qui</span> <span class='ocrx_word' id='word_1_11' title='bbox 1161 376 1283 441; x_wconf 90' lang='lat' dir='ltr'>indocti</span> 
     </span>
     <span class='ocr_line' id='line_1_3' title="bbox 51 482 1284 566; baseline 0.002 -21"><span class='ocrx_word' id='word_1_12' title='bbox 51 487 139 564; x_wconf 85' lang='lat' dir='ltr'>suut3</span> <span class='ocrx_word' id='word_1_13' title='bbox 168 482 305 566; x_wconf 87' lang='lat' dir='ltr'>litteris,</span> <span class='ocrx_word' id='word_1_14' title='bbox 332 504 373 547; x_wconf 92' lang='lat' dir='ltr'>ue</span> <span class='ocrx_word' id='word_1_15' title='bbox 401 483 531 548; x_wconf 89' lang='lat' dir='ltr'>lateant.</span> <span class='ocrx_word' id='word_1_16' title='bbox 576 482 664 548; x_wconf 89' lang='lat' dir='ltr'>Num</span> <span class='ocrx_word' id='word_1_17' title='bbox 691 506 767 549; x_wconf 84' lang='lat' dir='ltr'>rere</span> <span class='ocrx_word' id='word_1_18' title='bbox 796 484 879 550; x_wconf 88' lang='lat' dir='ltr'>vires</span> <span class='ocrx_word' id='word_1_19' title='bbox 908 484 1008 549; x_wconf 91' lang='lat' dir='ltr'>animi</span> <span class='ocrx_word' id='word_1_20' title='bbox 1036 483 1131 548; x_wconf 90' lang='lat' dir='ltr'>rebus</span> <span class='ocrx_word' id='word_1_21' title='bbox 1159 484 1284 566; x_wconf 76' lang='lat' dir='ltr'>pacatis</span> 
     </span>
     <span class='ocr_line' id='line_1_4' title="bbox 54 589 1284 674; baseline 0 -21"><span class='ocrx_word' id='word_1_22' title='bbox 54 589 160 653; x_wconf 88' lang='lat' dir='ltr'>miuus</span> <span class='ocrx_word' id='word_1_23' title='bbox 183 589 299 654; x_wconf 81' lang='lat' dir='ltr'>valent</span> <span class='ocrx_word' id='word_1_24' title='bbox 322 612 419 674; x_wconf 90' lang='lat' dir='ltr'>quam</span> <span class='ocrx_word' id='word_1_25' title='bbox 442 589 604 654; x_wconf 79' lang='lat' dir='ltr'>turbidis?</span> <span class='ocrx_word' id='word_1_26' title='bbox 628 613 705 655; x_wconf 89' lang='lat' dir='ltr'>num</span> <span class='ocrx_word' id='word_1_27' title='bbox 728 590 864 674; x_wconf 91' lang='lat' dir='ltr'>imperio</span> <span class='ocrx_word' id='word_1_28' title='bbox 884 590 1033 655; x_wconf 88' lang='lat' dir='ltr'>restituto</span> <span class='ocrx_word' id='word_1_29' title='bbox 1055 589 1185 654; x_wconf 87' lang='lat' dir='ltr'>inutiles</span> <span class='ocrx_word' id='word_1_30' title='bbox 1208 611 1284 655; x_wconf 89' lang='lat' dir='ltr'>con-</span> 
     </span>
     <span class='ocr_line' id='line_1_5' title="bbox 53 696 1284 780; baseline -0.002 -19"><span class='ocrx_word' id='word_1_31' title='bbox 53 696 153 780; x_wconf 89' lang='lat' dir='ltr'>sopiri</span> <span class='ocrx_word' id='word_1_32' title='bbox 186 696 331 761; x_wconf 75' lang='lat' dir='ltr'>debent?</span> <span class='ocrx_word' id='word_1_33' title='bbox 382 697 487 762; x_wconf 91' lang='lat' dir='ltr'>Immo</span> <span class='ocrx_word' id='word_1_34' title='bbox 520 697 625 762; x_wconf 89' lang='lat' dir='ltr'>acrius</span> <span class='ocrx_word' id='word_1_35' title='bbox 657 698 872 762; x_wconf 81' lang='lat' dir='ltr'>intendendae</span> <span class='ocrx_word' id='word_1_36' title='bbox 905 701 938 761; x_wconf 89' lang='lat' dir='ltr'>et</span> <span class='ocrx_word' id='word_1_37' title='bbox 971 696 1163 761; x_wconf 80' lang='lat' dir='ltr'>exercendae</span> <span class='ocrx_word' id='word_1_38' title='bbox 1195 697 1284 780; x_wconf 82' lang='lat' dir='ltr'>ipsae</span> 
     </span>
     <span class='ocr_line' id='line_1_6' title="bbox 56 801 1286 888; baseline 0.001 -22"><span class='ocrx_word' id='word_1_39' title='bbox 56 806 137 866; x_wconf 84' lang='lat' dir='ltr'>suut</span> <span class='ocrx_word' id='word_1_40' title='bbox 184 801 272 878; x_wconf 87' lang='lat' dir='ltr'>Quid</span> <span class='ocrx_word' id='word_1_41' title='bbox 295 804 406 868; x_wconf 78' lang='lat' dir='ltr'>enim?</span> <span class='ocrx_word' id='word_1_42' title='bbox 449 803 568 869; x_wconf 89' lang='lat' dir='ltr'>Nonne</span> <span class='ocrx_word' id='word_1_43' title='bbox 595 825 646 868; x_wconf 90' lang='lat' dir='ltr'>res</span> <span class='ocrx_word' id='word_1_44' title='bbox 674 805 820 888; x_wconf 89' lang='lat' dir='ltr'>publicas</span> <span class='ocrx_word' id='word_1_45' title='bbox 849 804 1006 888; x_wconf 89' lang='lat' dir='ltr'>plurimas</span> <span class='ocrx_word' id='word_1_46' title='bbox 1030 825 1108 887; x_wconf 90' lang='lat' dir='ltr'>pace</span> <span class='ocrx_word' id='word_1_47' title='bbox 1130 804 1286 888; x_wconf 87' lang='lat' dir='ltr'>languida</span> 
     </span>
     <span class='ocr_line' id='line_1_7' title="bbox 55 909 1284 995; baseline 0 -21"><span class='ocrx_word' id='word_1_48' title='bbox 55 910 216 994; x_wconf 82' lang='lat' dir='ltr'>torpuisse</span> <span class='ocrx_word' id='word_1_49' title='bbox 241 912 275 974; x_wconf 90' lang='lat' dir='ltr'>et</span> <span class='ocrx_word' id='word_1_50' title='bbox 298 910 437 995; x_wconf 88' lang='lat' dir='ltr'>segnitia</span> <span class='ocrx_word' id='word_1_51' title='bbox 461 932 531 976; x_wconf 89' lang='lat' dir='ltr'>essa</span> <span class='ocrx_word' id='word_1_52' title='bbox 554 911 768 976; x_wconf 88' lang='lat' dir='ltr'>labefactatas</span> <span class='ocrx_word' id='word_1_53' title='bbox 792 911 934 975; x_wconf 83' lang='lat' dir='ltr'>scimus?</span> <span class='ocrx_word' id='word_1_54' title='bbox 972 909 1063 987; x_wconf 89' lang='lat' dir='ltr'>Quod</span> <span class='ocrx_word' id='word_1_55' title='bbox 1087 933 1126 975; x_wconf 94' lang='lat' dir='ltr'>ne</span> <span class='ocrx_word' id='word_1_56' title='bbox 1151 911 1284 995; x_wconf 87' lang='lat' dir='ltr'>accidat,</span> 
     </span>
     <span class='ocr_line' id='line_1_8' title="bbox 55 1016 1284 1102; baseline 0.001 -21"><span class='ocrx_word' id='word_1_57' title='bbox 55 1021 104 1081; x_wconf 85' lang='lat' dir='ltr'>est</span> <span class='ocrx_word' id='word_1_58' title='bbox 138 1017 330 1082; x_wconf 80' lang='lat' dir='ltr'>civitatibus</span> <span class='ocrx_word' id='word_1_59' title='bbox 367 1017 545 1081; x_wconf 84' lang='lat' dir='ltr'>cavendum</span> <span class='ocrx_word' id='word_1_60' title='bbox 581 1018 730 1081; x_wconf 84' lang='lat' dir='ltr'>maxime.</span> <span class='ocrx_word' id='word_1_61' title='bbox 788 1016 901 1102; x_wconf 88' lang='lat' dir='ltr'>Itaque</span> <span class='ocrx_word' id='word_1_62' title='bbox 939 1021 976 1081; x_wconf 93' lang='lat' dir='ltr'>ut</span> <span class='ocrx_word' id='word_1_63' title='bbox 1011 1016 1144 1083; x_wconf 89' lang='lat' dir='ltr'>Domini</span> <span class='ocrx_word' id='word_1_64' title='bbox 1179 1019 1284 1082; x_wconf 87' lang='lat' dir='ltr'>nostri</span> 
     </span>
     <span class='ocr_line' id='line_1_9' title="bbox 56 1123 1285 1209; baseline 0 -21"><span class='ocrx_word' id='word_1_65' title='bbox 56 1123 301 1188; x_wconf 88' lang='lat' dir='ltr'>clementissimi</span> <span class='ocrx_word' id='word_1_66' title='bbox 324 1125 480 1203; x_wconf 87' lang='lat' dir='ltr'>consiliis,</span> <span class='ocrx_word' id='word_1_67' title='bbox 510 1146 590 1209; x_wconf 91' lang='lat' dir='ltr'>quae</span> <span class='ocrx_word' id='word_1_68' title='bbox 620 1124 700 1188; x_wconf 92' lang='lat' dir='ltr'>mihi</span> <span class='ocrx_word' id='word_1_69' title='bbox 726 1123 837 1188; x_wconf 80' lang='lat' dir='ltr'>videor</span> <span class='ocrx_word' id='word_1_70' title='bbox 863 1124 1041 1188; x_wconf 87' lang='lat' dir='ltr'>rectissime</span> <span class='ocrx_word' id='word_1_71' title='bbox 1069 1124 1285 1207; x_wconf 88' lang='lat' dir='ltr'>interpretari,</span> 
     </span>
     <span class='ocr_line' id='line_1_10' title="bbox 56 1230 1283 1316; baseline 0.002 -23"><span class='ocrx_word' id='word_1_72' title='bbox 56 1230 307 1313; x_wconf 75' lang='lat' dir='ltr'>satisfaciamus,</span> <span class='ocrx_word' id='word_1_73' title='bbox 336 1231 423 1295; x_wconf 89' lang='lat' dir='ltr'>viam</span> <span class='ocrx_word' id='word_1_74' title='bbox 446 1253 543 1316; x_wconf 92' lang='lat' dir='ltr'>quam</span> <span class='ocrx_word' id='word_1_75' title='bbox 572 1230 711 1316; x_wconf 90' lang='lat' dir='ltr'>ingressi</span> <span class='ocrx_word' id='word_1_76' title='bbox 740 1252 864 1314; x_wconf 89' lang='lat' dir='ltr'>sumus,</span> <span class='ocrx_word' id='word_1_77' title='bbox 893 1232 1004 1296; x_wconf 89' lang='lat' dir='ltr'>sedulo</span> <span class='ocrx_word' id='word_1_78' title='bbox 1032 1231 1184 1295; x_wconf 90' lang='lat' dir='ltr'>debemus</span> <span class='ocrx_word' id='word_1_79' title='bbox 1213 1254 1283 1314; x_wconf 90' lang='lat' dir='ltr'>per-</span> 
     </span>
     <span class='ocr_line' id='line_1_11' title="bbox 56 1336 1284 1421; baseline 0.001 -21"><span class='ocrx_word' id='word_1_80' title='bbox 56 1336 160 1420; x_wconf 85' lang='lat' dir='ltr'>sequi,</span> <span class='ocrx_word' id='word_1_81' title='bbox 188 1341 223 1400; x_wconf 91' lang='lat' dir='ltr'>et</span> <span class='ocrx_word' id='word_1_82' title='bbox 250 1337 370 1421; x_wconf 90' lang='lat' dir='ltr'>quibus</span> <span class='ocrx_word' id='word_1_83' title='bbox 398 1338 523 1401; x_wconf 90' lang='lat' dir='ltr'>artibus</span> <span class='ocrx_word' id='word_1_84' title='bbox 552 1338 706 1402; x_wconf 88' lang='lat' dir='ltr'>Borussia</span> <span class='ocrx_word' id='word_1_85' title='bbox 735 1360 862 1421; x_wconf 88' lang='lat' dir='ltr'>semper</span> <span class='ocrx_word' id='word_1_86' title='bbox 889 1338 1038 1421; x_wconf 81' lang='lat' dir='ltr'>eminuit,</span> <span class='ocrx_word' id='word_1_87' title='bbox 1066 1360 1103 1402; x_wconf 91' lang='lat' dir='ltr'>ac</span> <span class='ocrx_word' id='word_1_88' title='bbox 1131 1337 1284 1401; x_wconf 89' lang='lat' dir='ltr'>Friderici</span> 
     </span>
     <span class='ocr_line' id='line_1_12' title="bbox 56 1442 1285 1529; baseline 0 -21"><span class='ocrx_word' id='word_1_89' title='bbox 56 1442 181 1528; x_wconf 81' lang='lat' dir='ltr'>Magni,</span> <span class='ocrx_word' id='word_1_90' title='bbox 215 1443 402 1508; x_wconf 83' lang='lat' dir='ltr'>libertatem</span> <span class='ocrx_word' id='word_1_91' title='bbox 430 1445 611 1509; x_wconf 90' lang='lat' dir='ltr'>animorum</span> <span class='ocrx_word' id='word_1_92' title='bbox 638 1444 810 1528; x_wconf 85' lang='lat' dir='ltr'>insiguiter</span> <span class='ocrx_word' id='word_1_93' title='bbox 837 1446 972 1529; x_wconf 90' lang='lat' dir='ltr'>tuentis,</span> <span class='ocrx_word' id='word_1_94' title='bbox 1003 1444 1183 1528; x_wconf 81' lang='lat' dir='ltr'>exemplum</span> <span class='ocrx_word' id='word_1_95' title='bbox 1212 1445 1285 1508; x_wconf 92' lang='lat' dir='ltr'>illu-</span> 
     </span>
     <span class='ocr_line' id='line_1_13' title="bbox 56 1550 1284 1635; baseline 0.002 -23"><span class='ocrx_word' id='word_1_96' title='bbox 56 1554 120 1613; x_wconf 87' lang='lat' dir='ltr'>stre</span> <span class='ocrx_word' id='word_1_97' title='bbox 148 1550 213 1613; x_wconf 92' lang='lat' dir='ltr'>sibi</span> <span class='ocrx_word' id='word_1_98' title='bbox 246 1554 323 1614; x_wconf 86' lang='lat' dir='ltr'>ante</span> <span class='ocrx_word' id='word_1_99' title='bbox 356 1551 466 1615; x_wconf 90' lang='lat' dir='ltr'>oculos</span> <span class='ocrx_word' id='word_1_100' title='bbox 494 1572 677 1634; x_wconf 89' lang='lat' dir='ltr'>proponens</span> <span class='ocrx_word' id='word_1_101' title='bbox 704 1552 840 1635; x_wconf 88' lang='lat' dir='ltr'>posthac</span> <span class='ocrx_word' id='word_1_102' title='bbox 873 1552 1041 1635; x_wconf 86' lang='lat' dir='ltr'>eminebit,</span> <span class='ocrx_word' id='word_1_103' title='bbox 1073 1572 1185 1615; x_wconf 89' lang='lat' dir='ltr'>earum</span> <span class='ocrx_word' id='word_1_104' title='bbox 1215 1551 1284 1615; x_wconf 93' lang='lat' dir='ltr'>luce</span> 
     </span>
     <span class='ocr_line' id='line_1_14' title="bbox 56 1657 1284 1742; baseline 0.001 -22"><span class='ocrx_word' id='word_1_105' title='bbox 56 1657 195 1740; x_wconf 85' lang='lat' dir='ltr'>patriam</span> <span class='ocrx_word' id='word_1_106' title='bbox 223 1657 406 1722; x_wconf 88' lang='lat' dir='ltr'>illuminare</span> <span class='ocrx_word' id='word_1_107' title='bbox 432 1657 612 1742; x_wconf 87' lang='lat' dir='ltr'>civiumque</span> <span class='ocrx_word' id='word_1_108' title='bbox 642 1659 829 1723; x_wconf 83' lang='lat' dir='ltr'>felicitatem</span> <span class='ocrx_word' id='word_1_109' title='bbox 862 1658 1021 1724; x_wconf 84' lang='lat' dir='ltr'>adiuvare.</span> <span class='ocrx_word' id='word_1_110' title='bbox 1070 1657 1139 1722; x_wconf 89' lang='lat' dir='ltr'>Vos</span> <span class='ocrx_word' id='word_1_111' title='bbox 1168 1661 1284 1741; x_wconf 89' lang='lat' dir='ltr'>autem,</span> 
     </span>
     <span class='ocr_line' id='line_1_15' title="bbox 57 1764 1282 1849; baseline 0.001 -22"><span class='ocrx_word' id='word_1_112' title='bbox 57 1764 304 1848; x_wconf 88' lang='lat' dir='ltr'>commilitones,</span> <span class='ocrx_word' id='word_1_113' title='bbox 327 1786 423 1848; x_wconf 90' lang='lat' dir='ltr'>quam</span> <span class='ocrx_word' id='word_1_114' title='bbox 442 1764 568 1849; x_wconf 89' lang='lat' dir='ltr'>legibus</span> <span class='ocrx_word' id='word_1_115' title='bbox 588 1765 814 1849; x_wconf 89' lang='lat' dir='ltr'>obedientiam,</span> <span class='ocrx_word' id='word_1_116' title='bbox 837 1787 933 1849; x_wconf 90' lang='lat' dir='ltr'>quam</span> <span class='ocrx_word' id='word_1_117' title='bbox 952 1765 1070 1829; x_wconf 90' lang='lat' dir='ltr'>litteris</span> <span class='ocrx_word' id='word_1_118' title='bbox 1091 1765 1282 1828; x_wconf 90' lang='lat' dir='ltr'>industriam</span> 
     </span>
     <span class='ocr_line' id='line_1_16' title="bbox 56 1870 1296 1956; baseline 0 -21"><span class='ocrx_word' id='word_1_119' title='bbox 56 1871 221 1956; x_wconf 86' lang='lat' dir='ltr'>hucusque</span> <span class='ocrx_word' id='word_1_120' title='bbox 245 1872 465 1955; x_wconf 86' lang='lat' dir='ltr'>praestitistis,</span> <span class='ocrx_word' id='word_1_121' title='bbox 489 1894 584 1956; x_wconf 87' lang='lat' dir='ltr'>porro</span> <span class='ocrx_word' id='word_1_122' title='bbox 607 1876 779 1956; x_wconf 88' lang='lat' dir='ltr'>praestate.</span> <span class='ocrx_word' id='word_1_123' title='bbox 824 1870 913 1948; x_wconf 85' lang='lat' dir='ltr'>Quae</span> <span class='ocrx_word' id='word_1_124' title='bbox 939 1872 966 1936; x_wconf 90' lang='lat' dir='ltr'>si</span> <span class='ocrx_word' id='word_1_125' title='bbox 989 1871 1084 1937; x_wconf 91' lang='lat' dir='ltr'>hodie</span> <span class='ocrx_word' id='word_1_126' title='bbox 1107 1871 1296 1956; x_wconf 65' lang='lat' dir='ltr'>religiosis-¹</span> 
     </span>
     <span class='ocr_line' id='line_1_17' title="bbox 57 1977 1283 2064; baseline 0 -23"><span class='ocrx_word' id='word_1_127' title='bbox 57 1980 135 2041; x_wconf 81' lang='lat' dir='ltr'>sime</span> <span class='ocrx_word' id='word_1_128' title='bbox 165 1978 369 2061; x_wconf 86' lang='lat' dir='ltr'>pollicemur,</span> <span class='ocrx_word' id='word_1_129' title='bbox 401 1979 578 2063; x_wconf 89' lang='lat' dir='ltr'>gratiarum</span> <span class='ocrx_word' id='word_1_130' title='bbox 611 1979 771 2044; x_wconf 85' lang='lat' dir='ltr'>actionem</span> <span class='ocrx_word' id='word_1_131' title='bbox 799 1977 882 2064; x_wconf 83' lang='lat' dir='ltr'>Regi</span> <span class='ocrx_word' id='word_1_132' title='bbox 910 1978 1034 2062; x_wconf 86' lang='lat' dir='ltr'>optimo</span> <span class='ocrx_word' id='word_1_133' title='bbox 1064 1978 1283 2063; x_wconf 84' lang='lat' dir='ltr'>gratissimam</span> 
     </span>
     <span class='ocr_line' id='line_1_18' title="bbox 57 2085 447 2150; baseline -0.003 -1"><span class='ocrx_word' id='word_1_134' title='bbox 57 2107 126 2149; x_wconf 87' lang='lat' dir='ltr'>esse</span> <span class='ocrx_word' id='word_1_135' title='bbox 151 2085 272 2150; x_wconf 84' lang='lat' dir='ltr'>factam</span> <span class='ocrx_word' id='word_1_136' title='bbox 297 2085 447 2150; x_wconf 87' lang='lat' dir='ltr'>arbitror.</span> 
     </span>
    </p>

    <p class='ocr_par' dir='ltr' id='par_1_3' title="bbox 57 2190 1368 4527">
     <span class='ocr_line' id='line_1_19' title="bbox 145 2190 1283 2277; baseline -0.001 -22"><span class='ocrx_word' id='word_1_137' title='bbox 145 2190 240 2268; x_wconf 85' lang='lat' dir='ltr'>Quod</span> <span class='ocrx_word' id='word_1_138' title='bbox 264 2195 371 2257; x_wconf 84' lang='lat' dir='ltr'>autem</span> <span class='ocrx_word' id='word_1_139' title='bbox 394 2192 512 2276; x_wconf 86' lang='lat' dir='ltr'>pignus</span> <span class='ocrx_word' id='word_1_140' title='bbox 536 2193 738 2257; x_wconf 87' lang='lat' dir='ltr'>carissimum</span> <span class='ocrx_word' id='word_1_141' title='bbox 757 2194 936 2258; x_wconf 84' lang='lat' dir='ltr'>voluntatis</span> <span class='ocrx_word' id='word_1_142' title='bbox 960 2192 1068 2277; x_wconf 82' lang='lat' dir='ltr'>regiae</span> <span class='ocrx_word' id='word_1_143' title='bbox 1088 2213 1146 2276; x_wconf 90' lang='lat' dir='ltr'>per</span> <span class='ocrx_word' id='word_1_144' title='bbox 1168 2213 1283 2255; x_wconf 90' lang='lat' dir='ltr'>manus</span> 
     </span>
     <span class='ocr_line' id='line_1_20' title="bbox 57 2298 1283 2384; baseline 0.001 -23"><span class='ocrx_word' id='word_1_145' title='bbox 57 2301 115 2363; x_wconf 83' lang='lat' dir='ltr'>viri</span> <span class='ocrx_word' id='word_1_146' title='bbox 148 2299 259 2363; x_wconf 87' lang='lat' dir='ltr'>eximii</span> <span class='ocrx_word' id='word_1_147' title='bbox 285 2298 442 2363; x_wconf 88' lang='lat' dir='ltr'>traditum</span> <span class='ocrx_word' id='word_1_148' title='bbox 474 2300 668 2383; x_wconf 89' lang='lat' dir='ltr'>accepimus,</span> <span class='ocrx_word' id='word_1_149' title='bbox 700 2299 732 2363; x_wconf 92' lang='lat' dir='ltr'>id</span> <span class='ocrx_word' id='word_1_150' title='bbox 765 2304 911 2384; x_wconf 88' lang='lat' dir='ltr'>superest</span> <span class='ocrx_word' id='word_1_151' title='bbox 943 2303 981 2363; x_wconf 92' lang='lat' dir='ltr'>ut</span> <span class='ocrx_word' id='word_1_152' title='bbox 1010 2299 1177 2363; x_wconf 84' lang='lat' dir='ltr'>rideamus</span> <span class='ocrx_word' id='word_1_153' title='bbox 1207 2320 1283 2381; x_wconf 89' lang='lat' dir='ltr'>quo-</span> 
     </span>
     <span class='ocr_line' id='line_1_21' title="bbox 57 2404 1285 2492; baseline -0.002 -23"><span class='ocrx_word' id='word_1_154' title='bbox 57 2406 153 2471; x_wconf 89' lang='lat' dir='ltr'>modo</span> <span class='ocrx_word' id='word_1_155' title='bbox 181 2406 338 2470; x_wconf 88' lang='lat' dir='ltr'>traditum</span> <span class='ocrx_word' id='word_1_156' title='bbox 371 2407 423 2470; x_wconf 88' lang='lat' dir='ltr'>sit.</span> <span class='ocrx_word' id='word_1_157' title='bbox 474 2404 577 2482; x_wconf 91' lang='lat' dir='ltr'>Quam</span> <span class='ocrx_word' id='word_1_158' title='bbox 606 2427 675 2471; x_wconf 90' lang='lat' dir='ltr'>rem</span> <span class='ocrx_word' id='word_1_159' title='bbox 708 2407 930 2492; x_wconf 87' lang='lat' dir='ltr'>ingressurum</span> <span class='ocrx_word' id='word_1_160' title='bbox 955 2429 1024 2472; x_wconf 91' lang='lat' dir='ltr'>non</span> <span class='ocrx_word' id='word_1_161' title='bbox 1056 2406 1097 2470; x_wconf 91' lang='lat' dir='ltr'>ab</span> <span class='ocrx_word' id='word_1_162' title='bbox 1125 2427 1159 2468; x_wconf 91' lang='lat' dir='ltr'>re</span> <span class='ocrx_word' id='word_1_163' title='bbox 1187 2405 1285 2468; x_wconf 86' lang='lat' dir='ltr'>fuerit</span> 
     </span>
     <span class='ocr_line' id='line_1_22' title="bbox 58 2512 1283 2599; baseline -0.002 -23"><span class='ocrx_word' id='word_1_164' title='bbox 58 2514 249 2577; x_wconf 89' lang='lat' dir='ltr'>memoriam</span> <span class='ocrx_word' id='word_1_165' title='bbox 272 2516 456 2596; x_wconf 91' lang='lat' dir='ltr'>temporum</span> <span class='ocrx_word' id='word_1_166' title='bbox 480 2514 652 2597; x_wconf 84' lang='lat' dir='ltr'>explicare,</span> <span class='ocrx_word' id='word_1_167' title='bbox 676 2536 738 2598; x_wconf 91' lang='lat' dir='ltr'>quo</span> <span class='ocrx_word' id='word_1_168' title='bbox 761 2514 976 2599; x_wconf 86' lang='lat' dir='ltr'>intelligatur,</span> <span class='ocrx_word' id='word_1_169' title='bbox 1004 2512 1122 2598; x_wconf 90' lang='lat' dir='ltr'>quibus</span> <span class='ocrx_word' id='word_1_170' title='bbox 1146 2512 1283 2576; x_wconf 89' lang='lat' dir='ltr'>maiores</span> 
     </span>
     <span class='ocr_line' id='line_1_23' title="bbox 58 2619 1284 2705; baseline -0.003 -20"><span class='ocrx_word' id='word_1_171' title='bbox 58 2621 262 2686; x_wconf 86' lang='lat' dir='ltr'>caerimoniis</span> <span class='ocrx_word' id='word_1_172' title='bbox 291 2621 418 2684; x_wconf 91' lang='lat' dir='ltr'>scholas</span> <span class='ocrx_word' id='word_1_173' title='bbox 444 2623 483 2684; x_wconf 90' lang='lat' dir='ltr'>ut</span> <span class='ocrx_word' id='word_1_174' title='bbox 508 2622 643 2704; x_wconf 89' lang='lat' dir='ltr'>templa,</span> <span class='ocrx_word' id='word_1_175' title='bbox 676 2623 713 2685; x_wconf 90' lang='lat' dir='ltr'>ut</span> <span class='ocrx_word' id='word_1_176' title='bbox 740 2621 850 2705; x_wconf 89' lang='lat' dir='ltr'>urbes,</span> <span class='ocrx_word' id='word_1_177' title='bbox 878 2624 915 2685; x_wconf 89' lang='lat' dir='ltr'>ut</span> <span class='ocrx_word' id='word_1_178' title='bbox 941 2619 1085 2685; x_wconf 89' lang='lat' dir='ltr'>colonias</span> <span class='ocrx_word' id='word_1_179' title='bbox 1113 2620 1284 2703; x_wconf 87' lang='lat' dir='ltr'>inaugura·</span> 
     </span>
     <span class='ocr_line' id='line_1_24' title="bbox 58 2724 1283 2812; baseline -0.002 -21"><span class='ocrx_word' id='word_1_180' title='bbox 58 2727 173 2810; x_wconf 80' lang='lat' dir='ltr'>verint,</span> <span class='ocrx_word' id='word_1_181' title='bbox 196 2730 311 2811; x_wconf 85' lang='lat' dir='ltr'>atquo</span> <span class='ocrx_word' id='word_1_182' title='bbox 336 2727 487 2811; x_wconf 89' lang='lat' dir='ltr'>opposita</span> <span class='ocrx_word' id='word_1_183' title='bbox 509 2727 600 2790; x_wconf 84' lang='lat' dir='ltr'>iuxta</span> <span class='ocrx_word' id='word_1_184' title='bbox 622 2747 656 2790; x_wconf 91' lang='lat' dir='ltr'>se</span> <span class='ocrx_word' id='word_1_185' title='bbox 679 2728 787 2810; x_wconf 89' lang='lat' dir='ltr'>posita</span> <span class='ocrx_word' id='word_1_186' title='bbox 809 2728 914 2812; x_wconf 89' lang='lat' dir='ltr'>magis</span> <span class='ocrx_word' id='word_1_187' title='bbox 937 2729 1135 2791; x_wconf 89' lang='lat' dir='ltr'>illucescant.</span> <span class='ocrx_word' id='word_1_188' title='bbox 1170 2724 1283 2809; x_wconf 89' lang='lat' dir='ltr'>Itaque</span> 
     </span>
     <span class='ocr_line' id='line_1_25' title="bbox 58 2831 1284 2919; baseline -0.002 -22"><span class='ocrx_word' id='word_1_189' title='bbox 58 2855 96 2897; x_wconf 87' lang='lat' dir='ltr'>nc</span> <span class='ocrx_word' id='word_1_190' title='bbox 124 2834 298 2919; x_wconf 85' lang='lat' dir='ltr'>peregrina</span> <span class='ocrx_word' id='word_1_191' title='bbox 329 2837 509 2917; x_wconf 89' lang='lat' dir='ltr'>consecter,</span> <span class='ocrx_word' id='word_1_192' title='bbox 541 2855 579 2896; x_wconf 87' lang='lat' dir='ltr'>ex</span> <span class='ocrx_word' id='word_1_193' title='bbox 611 2833 735 2898; x_wconf 87' lang='lat' dir='ltr'>familia</span> <span class='ocrx_word' id='word_1_194' title='bbox 766 2855 851 2899; x_wconf 89' lang='lat' dir='ltr'>nunc</span> <span class='ocrx_word' id='word_1_195' title='bbox 881 2833 970 2917; x_wconf 88' lang='lat' dir='ltr'>regia</span> <span class='ocrx_word' id='word_1_196' title='bbox 996 2831 1179 2896; x_wconf 78' lang='lat' dir='ltr'>Fridericus</span> <span class='ocrx_word' id='word_1_197' title='bbox 1207 2831 1284 2895; x_wconf 85' lang='lat' dir='ltr'>Ter·</span> 
     </span>
     <span class='ocr_line' id='line_1_26' title="bbox 58 2936 1284 3025; baseline -0.001 -22"><span class='ocrx_word' id='word_1_198' title='bbox 58 2941 122 3004; x_wconf 91' lang='lat' dir='ltr'>tius</span> <span class='ocrx_word' id='word_1_199' title='bbox 146 2940 294 3024; x_wconf 80' lang='lat' dir='ltr'>Elector,</span> <span class='ocrx_word' id='word_1_200' title='bbox 317 2941 371 3025; x_wconf 92' lang='lat' dir='ltr'>qui</span> <span class='ocrx_word' id='word_1_201' title='bbox 394 2963 469 3005; x_wconf 88' lang='lat' dir='ltr'>mox</span> <span class='ocrx_word' id='word_1_202' title='bbox 492 2941 615 3024; x_wconf 90' lang='lat' dir='ltr'>primus</span> <span class='ocrx_word' id='word_1_203' title='bbox 637 2962 693 3005; x_wconf 84' lang='lat' dir='ltr'>rex</span> <span class='ocrx_word' id='word_1_204' title='bbox 717 2940 891 3005; x_wconf 90' lang='lat' dir='ltr'>Borussiae</span> <span class='ocrx_word' id='word_1_205' title='bbox 915 2939 1035 3022; x_wconf 83' lang='lat' dir='ltr'>extitit,</span> <span class='ocrx_word' id='word_1_206' title='bbox 1058 2936 1157 3024; x_wconf 83' lang='lat' dir='ltr'>Regis</span> <span class='ocrx_word' id='word_1_207' title='bbox 1180 2939 1284 3002; x_wconf 89' lang='lat' dir='ltr'>nostri</span> 
     </span>
     <span class='ocr_line' id='line_1_27' title="bbox 59 3045 1284 3132; baseline -0.002 -21"><span class='ocrx_word' id='word_1_208' title='bbox 59 3052 187 3130; x_wconf 78' lang='lat' dir='ltr'>atavus,</span> <span class='ocrx_word' id='word_1_209' title='bbox 214 3047 395 3131; x_wconf 88' lang='lat' dir='ltr'>principum</span> <span class='ocrx_word' id='word_1_210' title='bbox 422 3047 616 3112; x_wconf 82' lang='lat' dir='ltr'>novissimus</span> <span class='ocrx_word' id='word_1_211' title='bbox 645 3051 709 3131; x_wconf 90' lang='lat' dir='ltr'>est,</span> <span class='ocrx_word' id='word_1_212' title='bbox 736 3049 792 3132; x_wconf 93' lang='lat' dir='ltr'>qui</span> <span class='ocrx_word' id='word_1_213' title='bbox 819 3047 1064 3111; x_wconf 85' lang='lat' dir='ltr'>universitatem</span> <span class='ocrx_word' id='word_1_214' title='bbox 1092 3045 1284 3110; x_wconf 87' lang='lat' dir='ltr'>litterariam</span> 
     </span>
     <span class='ocr_line' id='line_1_28' title="bbox 59 3150 1283 3238; baseline -0.001 -21"><span class='ocrx_word' id='word_1_215' title='bbox 59 3153 254 3219; x_wconf 86' lang='lat' dir='ltr'>condiderit:</span> <span class='ocrx_word' id='word_1_216' title='bbox 292 3155 382 3218; x_wconf 92' lang='lat' dir='ltr'>cuius</span> <span class='ocrx_word' id='word_1_217' title='bbox 413 3153 647 3219; x_wconf 88' lang='lat' dir='ltr'>dedicationem</span> <span class='ocrx_word' id='word_1_218' title='bbox 679 3154 891 3238; x_wconf 89' lang='lat' dir='ltr'>quadriennio</span> <span class='ocrx_word' id='word_1_219' title='bbox 925 3157 999 3237; x_wconf 88' lang='lat' dir='ltr'>post</span> <span class='ocrx_word' id='word_1_220' title='bbox 1031 3150 1283 3236; x_wconf 79' lang='lat' dir='ltr'>Christophorus</span> 
     </span>
     <span class='ocr_line' id='line_1_29' title="bbox 59 3258 1285 3344; baseline -0.001 -20"><span class='ocrx_word' id='word_1_221' title='bbox 59 3258 217 3325; x_wconf 84' lang='lat' dir='ltr'>Cellarius</span> <span class='ocrx_word' id='word_1_222' title='bbox 245 3261 336 3325; x_wconf 92' lang='lat' dir='ltr'>iussu</span> <span class='ocrx_word' id='word_1_223' title='bbox 358 3259 518 3344; x_wconf 88' lang='lat' dir='ltr'>Principis</span> <span class='ocrx_word' id='word_1_224' title='bbox 545 3262 580 3324; x_wconf 91' lang='lat' dir='ltr'>in</span> <span class='ocrx_word' id='word_1_225' title='bbox 607 3262 732 3326; x_wconf 89' lang='lat' dir='ltr'>litteras</span> <span class='ocrx_word' id='word_1_226' title='bbox 760 3262 900 3339; x_wconf 90' lang='lat' dir='ltr'>rettulit,</span> <span class='ocrx_word' id='word_1_227' title='bbox 931 3265 967 3325; x_wconf 93' lang='lat' dir='ltr'>ut</span> <span class='ocrx_word' id='word_1_228' title='bbox 994 3261 1110 3343; x_wconf 93' lang='lat' dir='ltr'>quibus</span> <span class='ocrx_word' id='word_1_229' title='bbox 1139 3261 1223 3324; x_wconf 88' lang='lat' dir='ltr'>curis</span> <span class='ocrx_word' id='word_1_230' title='bbox 1252 3262 1285 3323; x_wconf 91' lang='lat' dir='ltr'>et</span> 
     </span>
     <span class='ocr_line' id='line_1_30' title="bbox 59 3365 1284 3453; baseline -0.002 -21"><span class='ocrx_word' id='word_1_231' title='bbox 59 3368 166 3433; x_wconf 88' lang='lat' dir='ltr'>studio</span> <span class='ocrx_word' id='word_1_232' title='bbox 185 3371 309 3453; x_wconf 89' lang='lat' dir='ltr'>quante</span> <span class='ocrx_word' id='word_1_233' title='bbox 329 3367 494 3431; x_wconf 81' lang='lat' dir='ltr'>academia</span> <span class='ocrx_word' id='word_1_234' title='bbox 511 3366 662 3433; x_wconf 91' lang='lat' dir='ltr'>Haleusis</span> <span class='ocrx_word' id='word_1_235' title='bbox 685 3368 838 3433; x_wconf 90' lang='lat' dir='ltr'>inchoata</span> <span class='ocrx_word' id='word_1_236' title='bbox 862 3373 894 3433; x_wconf 90' lang='lat' dir='ltr'>et</span> <span class='ocrx_word' id='word_1_237' title='bbox 914 3367 1057 3451; x_wconf 89' lang='lat' dir='ltr'>perfecta</span> <span class='ocrx_word' id='word_1_238' title='bbox 1080 3370 1174 3450; x_wconf 88' lang='lat' dir='ltr'>esset,</span> <span class='ocrx_word' id='word_1_239' title='bbox 1198 3365 1284 3449; x_wconf 91' lang='lat' dir='ltr'>apud</span> 
     </span>
     <span class='ocr_line' id='line_1_31' title="bbox 59 3472 1285 3560; baseline -0.005 -19"><span class='ocrx_word' id='word_1_240' title='bbox 59 3480 206 3560; x_wconf 86' lang='lat' dir='ltr'>posteros</span> <span class='ocrx_word' id='word_1_241' title='bbox 231 3477 404 3540; x_wconf 87' lang='lat' dir='ltr'>constaret.</span> <span class='ocrx_word' id='word_1_242' title='bbox 449 3472 539 3550; x_wconf 88' lang='lat' dir='ltr'>Quae</span> <span class='ocrx_word' id='word_1_243' title='bbox 563 3474 638 3539; x_wconf 91' lang='lat' dir='ltr'>dum</span> <span class='ocrx_word' id='word_1_244' title='bbox 662 3475 745 3560; x_wconf 86' lang='lat' dir='ltr'>lego,</span> <span class='ocrx_word' id='word_1_245' title='bbox 768 3475 934 3560; x_wconf 79' lang='lat' dir='ltr'>obstupui3</span> <span class='ocrx_word' id='word_1_246' title='bbox 957 3495 1016 3539; x_wconf 89' lang='lat' dir='ltr'>neo</span> <span class='ocrx_word' id='word_1_247' title='bbox 1040 3495 1183 3557; x_wconf 90' lang='lat' dir='ltr'>possum,</span> <span class='ocrx_word' id='word_1_248' title='bbox 1205 3473 1285 3557; x_wconf 91' lang='lat' dir='ltr'>quin</span> 
     </span>
     <span class='ocr_line' id='line_1_32' title="bbox 59 3579 1284 3668; baseline -0.002 -22"><span class='ocrx_word' id='word_1_249' title='bbox 59 3582 132 3647; x_wconf 88' lang='lat' dir='ltr'>inde</span> <span class='ocrx_word' id='word_1_250' title='bbox 152 3582 312 3668; x_wconf 85' lang='lat' dir='ltr'>quaedam</span> <span class='ocrx_word' id='word_1_251' title='bbox 331 3581 532 3665; x_wconf 90' lang='lat' dir='ltr'>depromam:</span> <span class='ocrx_word' id='word_1_252' title='bbox 557 3583 670 3666; x_wconf 88' lang='lat' dir='ltr'>quodsi</span> <span class='ocrx_word' id='word_1_253' title='bbox 688 3583 803 3647; x_wconf 78' lang='lat' dir='ltr'>vellem</span> <span class='ocrx_word' id='word_1_254' title='bbox 826 3583 935 3647; x_wconf 92' lang='lat' dir='ltr'>omnia</span> <span class='ocrx_word' id='word_1_255' title='bbox 955 3602 1139 3666; x_wconf 79' lang='lat' dir='ltr'>proteram</span> <span class='ocrx_word' id='word_1_256' title='bbox 1159 3579 1284 3664; x_wconf 85' lang='lat' dir='ltr'>magni-</span> 
     </span>
     <span class='ocr_line' id='line_1_33' title="bbox 58 3686 1283 3774; baseline -0.002 -21"><span class='ocrx_word' id='word_1_257' title='bbox 58 3690 189 3755; x_wconf 85' lang='lat' dir='ltr'>ficentia</span> <span class='ocrx_word' id='word_1_258' title='bbox 226 3711 399 3774; x_wconf 88' lang='lat' dir='ltr'>exponere,</span> <span class='ocrx_word' id='word_1_259' title='bbox 435 3689 518 3752; x_wconf 91' lang='lat' dir='ltr'>diem</span> <span class='ocrx_word' id='word_1_260' title='bbox 557 3688 690 3753; x_wconf 92' lang='lat' dir='ltr'>dicendo</span> <span class='ocrx_word' id='word_1_261' title='bbox 727 3690 938 3754; x_wconf 87' lang='lat' dir='ltr'>absumerem.</span> <span class='ocrx_word' id='word_1_262' title='bbox 992 3686 1079 3753; x_wconf 89' lang='lat' dir='ltr'>Nam</span> <span class='ocrx_word' id='word_1_263' title='bbox 1111 3691 1283 3771; x_wconf 91' lang='lat' dir='ltr'>postquam</span> 
     </span>
     <span class='ocr_line' id='line_1_34' title="bbox 59 3795 1368 3880; baseline -0.003 -19"><span class='ocrx_word' id='word_1_264' title='bbox 59 3797 200 3879; x_wconf 78' lang='lat' dir='ltr'>Elector,</span> <span class='ocrx_word' id='word_1_265' title='bbox 223 3796 285 3861; x_wconf 89' lang='lat' dir='ltr'>etsi</span> <span class='ocrx_word' id='word_1_266' title='bbox 307 3796 394 3861; x_wconf 93' lang='lat' dir='ltr'>bello</span> <span class='ocrx_word' id='word_1_267' title='bbox 419 3796 527 3859; x_wconf 89' lang='lat' dir='ltr'>omnia</span> <span class='ocrx_word' id='word_1_268' title='bbox 550 3798 778 3880; x_wconf 90' lang='lat' dir='ltr'>personabant,</span> <span class='ocrx_word' id='word_1_269' title='bbox 801 3797 986 3861; x_wconf 84' lang='lat' dir='ltr'>convocatis</span> <span class='ocrx_word' id='word_1_270' title='bbox 1010 3795 1174 3880; x_wconf 83' lang='lat' dir='ltr'>magistris</span> <span class='ocrx_word' id='word_1_271' title='bbox 1198 3816 1284 3859; x_wconf 89' lang='lat' dir='ltr'>com·</span> <span class='ocrx_word' id='word_1_272' title='bbox 1364 3832 1368 3840; x_wconf 90' lang='lat'>·</span> 
     </span>
     <span class='ocr_line' id='line_1_35' title="bbox 60 3902 1284 3988; baseline -0.002 -20"><span class='ocrx_word' id='word_1_273' title='bbox 60 3904 220 3987; x_wconf 91' lang='lat' dir='ltr'>pluribus,</span> <span class='ocrx_word' id='word_1_274' title='bbox 247 3925 286 3967; x_wconf 86' lang='lat' dir='ltr'>ex</span> <span class='ocrx_word' id='word_1_275' title='bbox 309 3904 449 3987; x_wconf 87' lang='lat' dir='ltr'>equestri</span> <span class='ocrx_word' id='word_1_276' title='bbox 477 3902 566 3986; x_wconf 91' lang='lat' dir='ltr'>ludo,</span> <span class='ocrx_word' id='word_1_277' title='bbox 595 3925 689 3988; x_wconf 91' lang='lat' dir='ltr'>quem</span> <span class='ocrx_word' id='word_1_278' title='bbox 717 3926 832 3987; x_wconf 89' lang='lat' dir='ltr'>parens</span> <span class='ocrx_word' id='word_1_279' title='bbox 860 3902 962 3967; x_wconf 90' lang='lat' dir='ltr'>Halae</span> <span class='ocrx_word' id='word_1_280' title='bbox 991 3902 1190 3983; x_wconf 89' lang='lat' dir='ltr'>condiderat,</span> <span class='ocrx_word' id='word_1_281' title='bbox 1218 3902 1284 3986; x_wconf 90' lang='lat' dir='ltr'>agi·</span> 
     </span>
     <span class='ocr_line' id='line_1_36' title="bbox 58 4007 1284 4093; baseline -0.002 -18"><span class='ocrx_word' id='word_1_282' title='bbox 58 4015 163 4075; x_wconf 86' lang='lat' dir='ltr'>tatam</span> <span class='ocrx_word' id='word_1_283' title='bbox 186 4010 266 4075; x_wconf 91' lang='lat' dir='ltr'>olim</span> <span class='ocrx_word' id='word_1_284' title='bbox 290 4011 415 4074; x_wconf 87' lang='lat' dir='ltr'>Alberti</span> <span class='ocrx_word' id='word_1_285' title='bbox 439 4007 620 4074; x_wconf 83' lang='lat' dir='ltr'>Cardinalis</span> <span class='ocrx_word' id='word_1_286' title='bbox 644 4014 751 4074; x_wconf 89' lang='lat' dir='ltr'>mente</span> <span class='ocrx_word' id='word_1_287' title='bbox 775 4011 974 4074; x_wconf 84' lang='lat' dir='ltr'>academiam</span> <span class='ocrx_word' id='word_1_288' title='bbox 1001 4009 1156 4073; x_wconf 91' lang='lat' dir='ltr'>instituit:</span> <span class='ocrx_word' id='word_1_289' title='bbox 1186 4031 1284 4093; x_wconf 89' lang='lat' dir='ltr'>quum</span> 
     </span>
     <span class='ocr_line' id='line_1_37' title="bbox 59 4115 1284 4203; baseline -0.003 -21"><span class='ocrx_word' id='word_1_290' title='bbox 59 4140 96 4182; x_wconf 83' lang='lat' dir='ltr'>ex</span> <span class='ocrx_word' id='word_1_291' title='bbox 125 4118 221 4203; x_wconf 90' lang='lat' dir='ltr'>aquis</span> <span class='ocrx_word' id='word_1_292' title='bbox 245 4117 404 4182; x_wconf 81' lang='lat' dir='ltr'>Carolinis</span> <span class='ocrx_word' id='word_1_293' title='bbox 428 4115 614 4181; x_wconf 89' lang='lat' dir='ltr'>Berolinum</span> <span class='ocrx_word' id='word_1_294' title='bbox 641 4117 741 4181; x_wconf 83' lang='lat' dir='ltr'>redux</span> <span class='ocrx_word' id='word_1_295' title='bbox 769 4117 809 4181; x_wconf 86' lang='lat' dir='ltr'>ad</span> <span class='ocrx_word' id='word_1_296' title='bbox 833 4116 1009 4181; x_wconf 87' lang='lat' dir='ltr'>Halensem</span> <span class='ocrx_word' id='word_1_297' title='bbox 1037 4117 1149 4180; x_wconf 89' lang='lat' dir='ltr'>urbem</span> <span class='ocrx_word' id='word_1_298' title='bbox 1177 4136 1284 4199; x_wconf 89' lang='lat' dir='ltr'>perve-</span> 
     </span>
     <span class='ocr_line' id='line_1_38' title="bbox 58 4223 1284 4308; baseline -0.002 -19"><span class='ocrx_word' id='word_1_299' title='bbox 58 4226 175 4308; x_wconf 88' lang='lat' dir='ltr'>nisset,</span> <span class='ocrx_word' id='word_1_300' title='bbox 203 4224 338 4289; x_wconf 87' lang='lat' dir='ltr'>miratus</span> <span class='ocrx_word' id='word_1_301' title='bbox 360 4245 529 4288; x_wconf 90' lang='lat' dir='ltr'>numerum</span> <span class='ocrx_word' id='word_1_302' title='bbox 553 4225 803 4291; x_wconf 87' lang='lat' dir='ltr'>adolescentium</span> <span class='ocrx_word' id='word_1_303' title='bbox 833 4225 895 4288; x_wconf 90' lang='lat' dir='ltr'>sibi</span> <span class='ocrx_word' id='word_1_304' title='bbox 920 4246 976 4308; x_wconf 89' lang='lat' dir='ltr'>per</span> <span class='ocrx_word' id='word_1_305' title='bbox 1004 4223 1145 4288; x_wconf 86' lang='lat' dir='ltr'>officium</span> <span class='ocrx_word' id='word_1_306' title='bbox 1176 4223 1284 4287; x_wconf 73' lang='lat' dir='ltr'>obvio·</span> 
     </span>
     <span class='ocr_line' id='line_1_39' title="bbox 59 4329 1285 4417; baseline -0.002 -22"><span class='ocrx_word' id='word_1_307' title='bbox 59 4354 146 4414; x_wconf 89' lang='lat' dir='ltr'>mm,</span> <span class='ocrx_word' id='word_1_308' title='bbox 169 4332 305 4397; x_wconf 87' lang='lat' dir='ltr'>consilio</span> <span class='ocrx_word' id='word_1_309' title='bbox 329 4335 491 4397; x_wconf 89' lang='lat' dir='ltr'>maturato</span> <span class='ocrx_word' id='word_1_310' title='bbox 514 4332 755 4417; x_wconf 82' lang='lat' dir='ltr'>privilegiisque</span> <span class='ocrx_word' id='word_1_311' title='bbox 779 4333 945 4398; x_wconf 79' lang='lat' dir='ltr'>Caesareis</span> <span class='ocrx_word' id='word_1_312' title='bbox 973 4332 1169 4413; x_wconf 88' lang='lat' dir='ltr'>impetratis,</span> <span class='ocrx_word' id='word_1_313' title='bbox 1200 4329 1285 4413; x_wconf 90' lang='lat' dir='ltr'>quod</span> 
     </span>
     <span class='ocr_line' id='line_1_40' title="bbox 58 4437 1294 4527; baseline -0.004 -23"><span class='ocrx_word' id='word_1_314' title='bbox 58 4439 229 4504; x_wconf 84' lang='lat' dir='ltr'>nihilium</span> <span class='ocrx_word' id='word_1_315' title='bbox 259 4442 347 4523; x_wconf 90' lang='lat' dir='ltr'>operi</span> <span class='ocrx_word' id='word_1_316' title='bbox 374 4461 459 4503; x_wconf 84' lang='lat' dir='ltr'>novo</span> <span class='ocrx_word' id='word_1_317' title='bbox 488 4440 598 4504; x_wconf 86' lang='lat' dir='ltr'>deesse</span> <span class='ocrx_word' id='word_1_318' title='bbox 630 4440 798 4504; x_wconf 87' lang='lat' dir='ltr'>videbatur</span> <span class='ocrx_word' id='word_1_319' title='bbox 825 4462 923 4527; x_wconf 89' lang='lat' dir='ltr'>quam</span> <span class='ocrx_word' id='word_1_320' title='bbox 950 4440 1033 4505; x_wconf 88' lang='lat' dir='ltr'>ritus</span> <span class='ocrx_word' id='word_1_321' title='bbox 1060 4437 1231 4504; x_wconf 82' lang='lat' dir='ltr'>sollemnis</span> <span class='ocrx_word' id='word_1_322' title='bbox 1256 4439 1294 4500; x_wconf 76' lang='lat' dir='ltr'>et</span> 
     </span>
    </p>
   </div>
   <div class='ocr_carea' id='block_1_3' title="bbox 58 4545 1318 4647">
    <p class='ocr_par' dir='ltr' id='par_1_4' title="bbox 58 4545 1318 4647">
     <span class='ocr_line' id='line_1_41' title="bbox 58 4545 1318 4647; baseline -0.001 -39"><span class='ocrx_word' id='word_1_323' title='bbox 58 4546 174 4628; x_wconf 81' lang='lat' dir='ltr'>religio</span> <span class='ocrx_word' id='word_1_324' title='bbox 200 4545 462 4630; x_wconf 81' lang='lat' dir='ltr'>consecrationis,</span> <span class='ocrx_word' id='word_1_325' title='bbox 490 4550 644 4633; x_wconf 86' lang='lat' dir='ltr'>apparari</span> <span class='ocrx_word' id='word_1_326' title='bbox 672 4549 788 4644; x_wconf 84' lang='lat' dir='ltr'>iussit,</span> <span class='ocrx_word' id='word_1_327' title='bbox 817 4552 943 4647; x_wconf 86' lang='lat' dir='ltr'>quibus</span> <span class='ocrx_word' id='word_1_328' title='bbox 971 4548 1149 4644; x_wconf 75' lang='lat' dir='ltr'>splendide</span> <span class='ocrx_word' id='word_1_329' title='bbox 1171 4548 1318 4633; x_wconf 64' lang='lat' dir='ltr'>&#39;inaugu-</span> 
     </span>
    </p>
   </div>
   <div class='ocr_carea' id='block_1_4' title="bbox 0 0 1390 4868">
    <p class='ocr_par' dir='ltr' id='par_1_5' title="bbox 0 0 1390 4868">
     <span class='ocr_line' id='line_1_42' title="bbox 0 0 1390 4868; baseline 0 0"><span class='ocrx_word' id='word_1_330' title='bbox 0 0 1390 4868; x_wconf 95' lang='lat' dir='ltr'> </span> 
     </span>
    </p>
   </div>
  </div>
 </body>
</html>
