2760 4868
383 1125 700 1213 PRAEFATIO
728 1125 999 1210 EDITORIS.
1056 1188 1071 1203 .

164 1544 342 1649 Augusti
367 1561 552 1626 Boeclrhii
580 1583 665 1647 quac
685 1562 747 1627 hoe
770 1562 933 1627 volumine
956 1561 1162 1627 continentur
1186 1550 1303 1624 oratio-

76 1692 130 1733 nes
165 1692 267 1754 prope
301 1689 415 1734 omnes
442 1669 561 1733 eisdem
589 1670 800 1734 sollemnibus
828 1668 1028 1734 celebrandis
1057 1670 1134 1732 sunt
1163 1666 1305 1749 habitae,

77 1775 176 1860 Regis
190 1775 411 1840 Borussorum
430 1775 652 1859 angustissimi
671 1775 831 1840 nataliciis
850 1775 1044 1840 laetissimis.
1070 1773 1197 1859 Viginti
1213 1773 1303 1857 quin·

76 1905 135 1966 que
156 1884 244 1946 enim
264 1883 428 1946 orationes
446 1881 599 1946 Frideriei
614 1881 766 1968 Guilelmi
779 1881 889 1965 Tertii,
908 1903 964 1946 sex
982 1881 1136 1945 Friderici
1150 1879 1304 1945 Guilelmi

77 1989 192 2065 erarti
217 1987 331 2052 diebus
354 1988 519 2053 natalibus
544 1993 620 2053 sunt
643 1989 761 2072 dietae3
784 1989 940 2054 accedunt
958 1989 1040 2054 duae
1060 1989 1219 2053 orationes
1238 1987 1304 2050 sin-

76 2096 221 2180 gulares:
245 2115 292 2177 ea,
316 2115 399 2178 quae
422 2094 455 2158 in
478 2095 699 2160 universitatis
718 2094 938 2160 Berolinensis
961 2095 1161 2161 dedicatione
1179 2098 1230 2158 est
1247 2092 1304 2157 ha-

77 2202 156 2285 bita,
180 2204 215 2264 et
233 2199 388 2265 Friderici
405 2199 557 2265 Guilelmi
577 2201 677 2266 Tertii
700 2201 844 2267 laudatio
868 2203 1021 2282 funebris.
1053 2201 1226 2268 Orationes
1244 2199 1304 2264 has

76 2330 164 2372 nuno
188 2306 377 2372 coniunctas
399 2307 517 2372 itemm
540 2309 592 2373 edi
613 2308 770 2373 noluisset
792 2314 913 2393 auctor,
935 2310 1000 2373 nisi
1022 2308 1126 2391 multi,
1150 2306 1205 2392 qui
1226 2305 1305 2370 olim

79 2438 178 2478 unam
202 2419 235 2479 et
257 2416 391 2479 alteram
416 2414 614 2495 audiverant,
636 2415 669 2479 id
692 2415 920 2498 postulassent.
948 2415 1023 2481 Non
1048 2418 1155 2480 autem
1179 2412 1229 2477 edi
1252 2434 1304 2476 cu·

80 2525 185 2585 resset
212 2544 271 2585 sua
299 2526 426 2605 sponte,
455 2522 541 2607 quod
568 2522 601 2585 in
624 2522 670 2585 eis
693 2521 819 2607 insunt,
847 2544 928 2606 quae
956 2523 1017 2607 ipsi
1040 2521 1211 2586 rideantur
1234 2540 1304 2582 esse

83 2628 271 2693 excusanda.
318 2628 461 2693 Primum
483 2628 569 2692 enim
592 2627 690 2712 quod,
713 2649 795 2713 quae
820 2651 948 2714 quoque
971 2650 1058 2693 anno
1082 2628 1164 2692 dixit
1185 2629 1305 2709 auctor,

84 2757 120 2798 ea
153 2735 193 2798 ad
225 2735 322 2801 huius
356 2736 432 2801 anni
460 2757 511 2800 res
539 2739 573 2799 et
600 2734 806 2801 condiciones
834 2740 911 2801 sunt
938 2734 1194 2817 accommodata,
1226 2737 1305 2817 tum,

84 2865 184 2926 quum
207 2841 404 2908 haberentur
426 2843 598 2926 orationes,
620 2842 723 2926 facile,
746 2865 810 2926 quo
834 2842 973 2928 quidque
996 2845 1165 2926 spectaret,
1189 2843 1240 2906 est
1257 2840 1305 2903 in·

81 2949 260 3014 tellectum:
290 2972 374 3014 nuno
403 2948 513 3012 multis
542 2949 634 3013 annis
659 2949 834 3014 interiectis
857 2954 996 3034 possunt
1018 2947 1198 3034 generatim
1220 2947 1306 3011 dicta

79 3054 196 3136 videri,
232 3061 322 3139 quae'
352 3057 393 3121 ad
429 3058 630 3140 praesentem
666 3058 737 3120 tum
772 3079 880 3121 rerum
917 3059 1039 3121 statum
1074 3045 1305 3119 referebantur.

80 3161 206 3227 Deinde
229 3167 341 3227 auctor
364 3163 457 3247 vidit,
487 3163 538 3228 vel
561 3163 631 3246 ipso
655 3163 759 3228 invito
783 3163 964 3247 aliquarum
987 3184 1094 3227 rerum
1116 3161 1306 3226 memoriam

80 3272 113 3334 in
136 3269 190 3332 his
213 3269 417 3334 orationibus
441 3291 510 3335 esse
532 3270 692 3354 iteratam,
716 3269 801 3354 quod
819 3271 975 3354 temporis
995 3270 1044 3333 vel
1064 3267 1247 3355 argumenti
1265 3266 1305 3330 si·

80 3376 231 3440 militudo
250 3376 291 3439 ad
311 3376 431 3440 similia
449 3376 583 3441 dicenda
601 3377 798 3442 incitaverat
825 3375 1002 3441 Excusavit
1014 3374 1199 3440 huiusmodi
1218 3394 1305 3456 repe-

80 3484 231 3547 titionem
251 3485 364 3547 auctor
381 3481 458 3547 hinc
476 3483 559 3568 inde,
577 3488 613 3548 ut
631 3506 662 3567 p.
676 3485 740 3548 217
757 3487 790 3547 et
803 3484 878 3568 296,
897 3488 930 3548 et
947 3487 1058 3548 censet
1076 3503 1109 3546 se
1128 3481 1166 3545 de
1186 3478 1306 3543 eisdem

81 3591 179 3655 rebus
203 3611 268 3654 non
292 3588 388 3674 plane
412 3588 521 3653 eadem
545 3590 673 3655 dixisse.
706 3590 816 3654 Tertio
835 3591 906 3655 loco
925 3594 1038 3654 auctor
1055 3586 1255 3671 temporibus
1275 3589 1307 3649 et

81 3699 179 3762 rebus
203 3696 469 3761 commotioribus
492 3718 557 3761 non
581 3698 650 3761 sine
673 3698 723 3762 ira
746 3701 778 3761 et
802 3698 908 3762 studio
933 3718 966 3760 se
986 3696 1102 3760 dixisse
1122 3694 1306 3776 confitetur,

83 3803 169 3888 quod
199 3808 381 3887 temporum
409 3808 540 3868 excusat
567 3805 660 3868 ratio.
711 3804 800 3881 Quae
828 3826 879 3868 res
910 3804 950 3867 ad
978 3803 1148 3868 secundam
1176 3800 1306 3884 potissi-

83 3934 171 3975 mum
197 3914 321 3994 spectat
345 3912 531 3993 orationem,
555 3911 588 3975 in
613 3933 677 3996 qua
700 3933 781 3995 quae
804 3911 917 3976 insunt
935 3909 1123 3975 invidiosius
1142 3909 1236 3992 dicta,
1259 3928 1306 3990 ea,

85 4019 145 4082 etsi
173 4023 243 4081 tum
272 4016 477 4081 audientibus
507 4023 637 4103 accepta
664 4019 808 4102 fuemnt,
837 4040 922 4083 nunc
950 4017 1112 4082 omisisset
1133 4016 1184 4080 rel
1207 4018 1305 4079 retra-

85 4128 203 4189 ctasset
227 4128 353 4207 auctor,
376 4125 440 4190 nisi
462 4124 541 4188 haec
563 4125 747 4190 immutatio
771 4125 841 4189 visa
864 4127 948 4189 esset
970 4127 1003 4187 et
1026 4124 1129 4188 delere
1150 4120 1306 4205 temporis

85 4232 169 4295 illius
198 4232 386 4296 memoriam
414 4232 649 4317 imaginemque
678 4253 716 4295 ea
744 4232 888 4296 oratione
918 4252 1117 4314 expressam,
1154 4232 1186 4292 et
1213 4225 1305 4312 quasi

85 4337 241 4422 quaedam
261 4358 331 4404 esse
350 4338 555 4423 reprehensio
574 4360 685 4403 eorum
701 4361 853 4403 sensuum
869 4342 901 4402 et
915 4337 1168 4418 contentionum,
1188 4333 1305 4417 quibus

83 4451 150 4509 tum
166 4443 323 4510 Borussia
341 4446 490 4510 universa
508 4444 702 4532 agitabatur.
733 4444 806 4531 Ipse
826 4449 936 4510 orator
953 4445 1038 4509 ultro
1052 4443 1173 4509 fatetur
1186 4463 1216 4524 p.
1231 4439 1305 4520 241,
