2760 4868
546 176 762 240 ,24-

39 361 97 423 per
130 361 223 404 casus
253 338 330 403 belli
367 341 450 416 erat,
482 335 634 401 reddidit:
667 341 699 400 et
731 338 806 419 post
836 336 945 398 tantas
979 337 1104 419 strages
1138 335 1268 420 gravius

42 447 145 532 affligi
169 446 255 511 Galli
279 448 442 530 poterant,
471 444 513 527 si,
541 466 622 528 quae
645 443 686 507 ab
709 442 773 506 illis
797 463 924 505 eramus
949 441 1051 525 passi,
1078 442 1112 505 in
1136 441 1266 507 eosdem

41 553 255 619 voluissemus
279 557 473 636 retorquere.
511 549 573 615 Sed
593 573 631 615 ea
653 550 715 614 fuit
733 548 851 613 lenitas
872 569 1037 633 generosa,
1061 552 1106 632 ut,
1129 549 1184 634 qui
1201 553 1269 614 tam

42 660 138 744 longe
167 659 208 723 ab
238 659 304 722 suis
333 658 478 740 sedibus,
506 660 542 721 ut
569 657 647 721 olim
673 655 809 720 Romam
838 654 1059 740 Delphosque,
1087 655 1128 720 ad
1157 678 1268 721 omnes

43 770 149 831 terras
167 765 328 829 vexandas
348 786 385 828 ac
405 762 591 849 spoliandas
610 762 746 847 profecti
766 766 868 844 erant,
891 763 1009 848 quique
1029 763 1159 827 fortuna
1178 768 1271 829 erant

43 872 214 937 immodice
229 873 287 956 usi,
302 894 375 936 cum
389 872 429 935 iis
442 871 476 935 in
492 871 635 954 ipsorum
649 869 768 933 finibus
779 888 947 953 ageremus
961 869 1270 953 temperantissime:

48 981 102 1063 qui
125 985 192 1045 tam
217 981 370 1045 atrociter
398 979 432 1042 in
455 1000 515 1042 nos
543 977 738 1060 saevierant,
767 975 927 1039 atrociora
954 976 1070 1040 minati
1097 981 1202 1061 erant,
1230 977 1270 1043 iis

44 1107 247 1170 parceremus
267 1086 374 1151 victis:
395 1085 531 1169 denique
551 1105 686 1169 quorum
702 1083 792 1146 nulla
809 1082 896 1165 fides,
917 1083 1007 1147 nulla
1024 1083 1138 1168 religio
1156 1084 1272 1169 fuerat,

44 1194 84 1257 iis
108 1194 250 1257 nativam
274 1193 364 1259 illam
384 1192 593 1256 Germanicae
612 1191 754 1255 nationis
772 1190 994 1274 integritatem
1018 1190 1059 1254 ab
1083 1190 1173 1255 omni
1196 1189 1270 1256 fuco

45 1304 78 1365 ct
104 1299 233 1364 fallacia
264 1299 513 1364 remotissimam
544 1320 578 1364 rc
606 1299 677 1382 ipsa
712 1296 961 1363 ostenderemus.
1010 1297 1089 1361 lllas
1116 1319 1192 1363 vero
1219 1319 1272 1362 res

44 1406 99 1492 qui
123 1426 265 1491 gessere,
292 1427 377 1470 nunc
400 1405 534 1470 redeunt
556 1404 596 1468 ad
624 1408 772 1487 penates,
799 1409 837 1468 ut
863 1405 948 1468 cives
977 1405 1044 1469 sint
1067 1426 1168 1488 aeque
1192 1404 1272 1469 boni

43 1536 140 1599 quam
163 1512 296 1577 fuerunt
318 1512 450 1595 milites,
473 1534 537 1576 non
562 1511 681 1596 praeda
700 1511 818 1595 onusti,
841 1512 892 1576 cui
916 1512 1130 1576 mercenarius
1154 1511 1269 1597 inhiat,

47 1620 104 1684 sed
121 1623 314 1704 paupertate
334 1641 393 1683 sua
412 1619 555 1683 contenti
579 1622 611 1682 et
629 1618 770 1682 nominis
785 1616 950 1682 Borussici
969 1619 1072 1703 gloria
1086 1620 1117 1682 in
1138 1620 1273 1683 immen-

44 1749 119 1792 sum
143 1730 239 1791 aucta
263 1730 294 1790 el-
317 1726 406 1790 orbis
431 1730 588 1790 terrarum
613 1725 834 1791 admiratione.

134 1833 260 1897 Tantae
292 1836 400 1895 autem
428 1837 558 1916 tamque
585 1833 773 1916 multiplicis
801 1832 978 1918 felicitatis,
1005 1856 1072 1898 non
1100 1834 1135 1898 in
1157 1835 1275 1917 opibus

45 1939 101 2004 sed
129 1940 163 2004 in
191 1939 309 2002 virtute
339 1938 501 2023 animique
529 1938 622 2003 bonis
650 1938 789 2021 positae,
820 1943 932 2004 auctor
959 1963 1042 2006 unus
1070 1942 1178 2006 extitit
1204 1940 1274 2005 Fri-

45 2047 170 2121 dericus
195 2044 384 2110 Guilelmus.
429 2043 491 2108 Hic
520 2045 676 2128 populum
699 2043 907 2109 Borussicum
936 2047 1031 2112 adid
1055 2047 1160 2111 evexit
1184 2046 1276 2111 fasti-

45 2154 150 2239 gium,
184 2158 221 2218 ut
250 2153 365 2217 ceteris
394 2152 588 2216 Germaniae
621 2155 716 2235 atque
743 2150 895 2235 Europae
923 2153 1089 2218 universae
1121 2153 1275 2237 gentibus

47 2265 133 2326 esset
156 2260 316 2344 exemplo,
344 2259 612 2342 quemadmodum
641 2259 710 2342 ipse
738 2259 823 2344 regis
852 2261 1014 2343 exemplar
1036 2264 1181 2344 praestat
1202 2284 1276 2345 per·

45 2367 273 2451 tectissimum,
307 2370 439 2432 ornatus
470 2367 588 2451 quippe
617 2366 745 2430 dotibus
773 2366 813 2430 iis
843 2366 1007 2452 omnibus,
1040 2368 1155 2452 quibus
1185 2368 1275 2450 prin-

45 2496 120 2559 ceps
154 2474 242 2541 omni
275 2496 313 2539 ex
349 2477 439 2559 parte
472 2475 639 2539 absolutus
678 2473 773 2537 debet
810 2473 986 2539 instructus
1019 2496 1097 2539 esse.
1151 2474 1276 2561 Regem

46 2582 131 2646 enim
161 2581 252 2647 decet
279 2580 394 2646 fortem
423 2603 507 2664 esse,
534 2584 572 2644 ut
599 2581 764 2645 civitatem
792 2582 985 2646 incolumem
1016 2580 1057 2644 ab
1085 2584 1219 2646 externa
1243 2584 1274 2647 vi

46 2693 185 2772 tueatur,
225 2709 371 2772 parcum,
407 2709 447 2751 ne
480 2709 557 2769 opes
589 2687 635 2750 rei
669 2688 816 2770 publicae
849 2688 993 2752 effundat
1025 2688 1208 2771 sumptibus
1243 2694 1277 2754 et

44 2795 287 2880 magnificentia
315 2815 569 2878 supervacanea,
596 2814 698 2877 neque
727 2798 835 2858 tamen
864 2794 1026 2859 sordidum
1053 2800 1110 2860 aut
1133 2818 1276 2882 avarum,

46 2900 102 2966 sed
130 2900 296 2965 liberalem
327 2900 592 2984 munificumque;
625 2904 792 2984 praeterea
822 2901 955 2985 iustum,
988 2923 1025 2965 ac
1058 2923 1128 2966 oum
1159 2905 1275 2968 severi·

45 3010 114 3072 tate
138 3007 248 3072 mitem
273 3011 306 3071 et
328 3008 532 3091 clementem3
560 3007 696 3073 eundem
725 3008 926 3093 religiosum,
954 3009 1057 3092 pium,
1085 3010 1276 3093 sapientem,

47 3117 227 3196 strenuum,
260 3135 332 3177 oum
361 3115 522 3199 gravitate
554 3116 757 3198 popularem3
791 3114 971 3179 litterarum
1002 3115 1183 3201 artiumque
1211 3121 1275 3182 sta-

45 3226 164 3304 torem3
192 3224 357 3306 postremo
387 3222 420 3286 in
447 3222 574 3304 privata
597 3221 664 3285 vita
687 3222 850 3306 integrum
877 3244 1068 3306 purumque,
1097 3227 1131 3286 et
1153 3223 1275 3288 bonum

46 3328 347 3412 patremfamilias,
372 3331 545 3412 propterea
569 3329 654 3413 quod
677 3328 745 3392 ficri
769 3350 835 3392 non
858 3332 979 3413 potest,
1002 3332 1039 3392 ut
1060 3329 1089 3393 is
1114 3331 1275 3396 subiectos

47 3433 176 3519 diligat,
209 3435 264 3518 qui
296 3456 337 3498 ne
366 3457 495 3499 uxorem
525 3435 651 3518 quidem
680 3456 717 3498 ac
749 3434 868 3501 liberos
898 3457 1006 3500 amore
1036 3437 1160 3501 sincero
1189 3458 1275 3503 com-

46 3543 212 3625 plectatur.
264 3540 342 3618 Quis
372 3564 447 3607 vero
480 3542 596 3607 fortior
624 3541 785 3606 Friderico
816 3541 998 3607 Guilelmo'?
1049 3544 1121 3627 quis
1149 3545 1277 3627 parcior

46 3647 194 3732 idemque
228 3648 413 3714 liberalior?
463 3650 534 3732 quis
567 3649 683 3714 iustior
716 3670 752 3713 ac
786 3649 917 3713 mitior?
968 3650 1039 3734 quis
1072 3651 1276 3737 religiosior?

45 3752 108 3819 Sed
143 3750 220 3838 quid
253 3755 382 3841 singula
414 3756 548 3839 repeto?
597 3755 701 3820 Nemo
733 3759 783 3819 est
811 3756 910 3840 eninr,
943 3756 997 3840 qui
1024 3758 1161 3842 nesciat,
1194 3781 1276 3843 quae

46 3860 111 3926 dixi
139 3864 249 3927 omnia
276 3863 310 3927 in
338 3861 499 3928 Friderico
528 3862 689 3927 Guilelmo
723 3863 844 3947 insigni
878 3862 973 3927 modo
1001 3864 1115 3929 inesse.
1167 3863 1276 3930 Unum

50 3969 166 4052 dicam,
195 3970 280 4054 quod
305 3969 344 4034 ad
368 3991 541 4054 personam
563 3973 708 4034 nostram
733 3970 878 4053 proxime
901 3969 1055 4054 pertinet,
1081 3972 1156 4056 quid
1180 3972 1276 4038 bonis

46 4077 164 4143 litteris
192 4077 298 4155 fuerit.
344 4075 428 4141 Nam
457 4099 652 4161 quamquam
682 4078 882 4160 superiorum
912 4099 1024 4162 regum
1050 4077 1135 4142 haud
1159 4079 1277 4165 exigua

47 4183 86 4248 de
115 4185 221 4249 omnis
251 4184 379 4269 generis
403 4183 581 4248 eruditione
605 4184 720 4247 merita
743 4187 832 4267 sunt,
859 4182 1040 4248 Fridericus
1067 4188 1176 4250 tamen
1201 4186 1276 4251 Gui-

47 4291 161 4355 lelmus
182 4294 315 4355 cunctos
335 4294 369 4354 et
388 4289 593 4354 multitudine
613 4290 842 4355 beneficiorum
863 4296 895 4356 et
914 4291 1125 4374 amplitudine
1146 4315 1275 4377 supera-

47 4397 107 4479 vit3
137 4398 192 4480 qui
216 4397 267 4461 vel
290 4420 328 4463 eo
352 4401 510 4482 tempore,
538 4420 601 4483 quo
632 4398 787 4462 afflictum
816 4399 910 4463 malis
938 4399 1066 4463 iacebat
1094 4400 1275 4484 imperium,

18 4516 92 4557 non
117 4520 220 4561 unum
246 4505 446 4571 stulterum
471 4505 643 4572 doctrinae
669 4504 870 4573 domicilium
888 4506 1052 4589 laudavit,
1071 4505 1130 4569 scd
1148 4506 1275 4572 uuiver-
