2760 4868
586 204 806 267 ...19-

71 363 179 429 bariae
210 364 366 448 robigine
396 361 521 426 obsitas
548 363 696 426 nationes
730 363 866 443 teneret,
898 360 1067 442 paullatim
1096 358 1309 423 cultissimum

76 494 234 556 quemque
264 470 425 556 populum
451 468 492 533 ad
518 466 790 555 priscaeregiae
814 468 1044 532 dominationis
1069 465 1308 549 simplieitatem

79 580 248 663 revocavit,
267 600 368 662 quam
387 580 502 660 utpote
521 578 622 660 patris
642 575 783 669 familias
803 576 957 658 potestati
976 575 1164 659 proximam,
1183 576 1311 638 constat

81 686 277 769 primitivam
297 686 409 768 fuisse,
433 706 509 749 mox
527 704 638 768 regum
658 685 778 767 partim
797 684 954 767 superbia,
977 683 1097 766 partim
1117 682 1309 765 impotentia

83 794 298 877 optimatium,
322 791 443 875 partim
467 791 570 874 plebis
591 790 798 855 effrenatione
820 813 972 855 eversam.
1009 788 1084 854 Non
1103 811 1163 874 ego
1182 790 1210 853 is
1230 811 1310 872 sum,

84 900 134 984 qui
155 904 321 983 veterum,
345 897 542 964 Graecorum
567 899 729 982 inprimis,
752 898 1002 962 obtrectatorem
1026 918 1134 981 agere,
1162 897 1310 961 ardorem

84 1007 168 1071 illum
192 1006 353 1089 nobilem,
381 1006 510 1090 quoad
538 1006 680 1070 maxima
707 1005 851 1070 facinora·
880 1003 1025 1069 audenda
1053 1003 1311 1087 impellebantur,

85 1114 204 1197 patriae
233 1113 460 1196 libertatisque
488 1135 630 1178 amorem
656 1112 987 1195 vehementissimum,
1015 1112 1122 1176 odium
1150 1112 1184 1174 in
1208 1111 1310 1174 domi-

85 1243 141 1285 nos
163 1219 373 1304 implacabile
396 1219 640 1302 reprehendere,
669 1223 725 1283 aut
752 1241 883 1294 causam
911 1222 1120 1302 tyrannorum
1150 1217 1310 1300 suscipere

85 1333 219 1393 tentem:
248 1348 360 1392 verum
390 1326 559 1408 splendore
582 1348 688 1389 rerum
712 1329 889 1410 gestarum,
918 1347 1000 1411 quae
1027 1326 1121 1390 nobis
1149 1324 1230 1408 ipsis
1259 1323 1309 1387 de·

86 1435 162 1499 beat
184 1434 333 1518 exemplo
358 1454 428 1496 esse
451 1436 484 1496 et
509 1432 652 1515 fuerunt,
680 1432 862 1517 artiumque
886 1438 919 1496 et
946 1432 1189 1516 disciplinarum
1217 1431 1309 1495 lumi-

86 1542 189 1624 nibus,
213 1540 331 1626 quibus
351 1539 463 1605 orbem
484 1539 688 1603 illustrarunt
706 1544 739 1602 et
756 1541 790 1603 in
812 1543 987 1604 extremam
1011 1561 1124 1622 precor
1147 1538 1311 1602 illustrent

85 1648 324 1731 posteritatem,
353 1647 549 1733 praestringi
576 1648 807 1711 nonnullorum
836 1647 937 1711 aciem
960 1647 1067 1731 video,
1095 1651 1132 1711 ut
1156 1645 1310 1730 quidquid

87 1752 223 1819 Graecia
250 1755 375 1836 tulerit,
408 1754 646 1838 praedicatione
676 1776 735 1818 sua
762 1753 978 1818 extollendum
1007 1757 1134 1837 putent,
1165 1740 1200 1816 ⁴et
1227 1753 1310 1816 falsa

86 1863 170 1947 capti
206 1862 311 1946 specie
344 1862 531 1927 felicitatem
565 1863 632 1928 eius
666 1863 768 1946 magis
805 1884 900 1945 quam
933 1883 991 1944 par
1024 1864 1073 1924 est
1106 1864 1310 1944 exaggerent.

86 1967 170 2034 Num
200 1970 287 2034 enim
316 1969 432 2035 turbae
460 1971 660 2053 innumerae,
693 1970 809 2054 quibus
843 1991 952 2033 eorum
980 1989 1031 2032 res
1064 1968 1211 2052 publicae
1239 1989 1310 2051 per-

86 2082 198 2141 cussae
220 2081 311 2160 sunt,
334 2099 412 2141 num
435 2078 561 2161 caedeS,
585 2077 711 2160 exsilia,
733 2076 1000 2160 proscriptiones,
1025 2076 1183 2141 bonorum
1207 2077 1311 2160 publi-

85 2168 228 2247 cationes
251 2187 381 2248 tantum
404 2205 470 2249 non
494 2184 716 2269 quotidianae,
739 2182 904 2247 felicitatis
928 2183 999 2247 loco
1021 2183 1188 2248 habendae
1212 2183 1311 2247 sunt?

87 2286 329 2373 cupiditatibus
354 2290 556 2375 singulorum
580 2292 804 2356 administrata
826 2291 992 2374 pleraque:
1020 2313 1130 2354 rarum
1152 2291 1202 2355 ius
1226 2292 1311 2357 inter
1363 2339 1364 2342 ,

88 2396 187 2479 cives,
223 2395 314 2460 nulla
351 2396 435 2480 apud
470 2398 597 2481 plebem
631 2398 798 2463 modestia.
852 2396 903 2462 Illi
937 2397 1132 2463 Graecorum
1165 2400 1310 2464 omnium

87 2503 358 2586 praestantissimi
390 2502 606 2569 Athenienses
638 2505 757 2569 rationi
790 2501 882 2570 aures
920 2506 1119 2589 praebebant
1152 2506 1310 2591 quotidie3

87 2608 141 2672 sed
164 2613 290 2674 mentes
313 2631 381 2674 non
404 2610 673 2694 obsequebantur.
719 2610 804 2695 Opes
833 2612 950 2677 iniuste
978 2619 1089 2697 partas
1112 2615 1187 2679 inde
1211 2636 1230 2678 a
1253 2613 1310 2682 Pe·

87 2718 161 2782 ricle
189 2739 249 2802 per
275 2717 441 2783 levitatem
465 2719 636 2804 dissipant,
664 2722 890 2807 largitionibus
919 2725 1105 2808 dilapidant.
1151 2729 1209 2796 Oui
1237 2760 1311 2802 vero

88 2823 222 2889 eandem
261 2824 426 2889 civitatem
463 2826 632 2911 insigniter
669 2829 821 2894 adiuvare
857 2831 988 2916 impune
1025 2834 1139 2900 licuit?
1195 2839 1312 2907 Nonne

87 2933 249 3016 principes
272 2932 375 3017 viros,
398 2931 662 3018 Themistoclem,
685 2937 875 3023 Aristidem,
904 2940 1083 3029 Cimonem,
1112 2947 1312 3015 Alcibiadem

89 3037 125 3103 de
148 3039 258 3104 causis
282 3044 341 3104 aut
363 3040 487 3104 levibus
511 3046 568 3105 aut
590 3045 688 3109 nullis
707 3046 819 3111 exsilio
838 3048 1039 3116 multarunt?
1077 3052 1203 3139 Quippe
1226 3057 1312 3140 quod

89 3146 198 3230 plebes
226 3168 355 3211 omnem
385 3147 605 3214 excellentiam
633 3152 763 3217 virtutis
790 3154 911 3219 invidia
935 3161 1204 3244 prosequebatur,
1232 3165 1311 3228 satis

89 3259 158 3318 erat
189 3252 231 3318 ad
263 3253 449 3336 pellendum
481 3255 643 3322 hominem
678 3260 843 3344 eximium,
876 3262 903 3326 si
936 3263 1017 3328 bene
1045 3266 1084 3330 de
1116 3290 1150 3332 re
1183 3269 1313 3353 publiea

90 3361 223 3425 meritus
250 3364 350 3442 esset3
383 3361 468 3445 quod
495 3364 633 3448 ingenue
659 3366 798 3449 professi
827 3374 902 3434 sunt
928 3369 1076 3456 Ephesii,
1105 3396 1204 3458 quum
1232 3374 1313 3439 Her·

90 3466 272 3550 modorum,
306 3468 495 3552 popularem
524 3471 682 3554 optimum
710 3478 743 3536 et
769 3472 925 3539 Heracliti
957 3478 1084 3562 physici
1112 3480 1313 3566 familiarem,

90 3574 154 3658 cui,
185 3573 271 3658 quod
304 3573 500 3640 decemviros
528 3576 562 3639 in
590 3576 717 3661 legibus
745 3579 921 3646 scribendis
950 3584 1109 3650 adiuvisse
1137 3586 1314 3672 dicebatur,

90 3678 213 3745 Romae
237 3684 346 3745 statua
369 3681 403 3745 in
427 3683 556 3747 comitio
580 3685 707 3768 publice
732 3686 839 3751 dicata
862 3692 920 3771 est,
945 3692 995 3755 his
1018 3692 1124 3756 verbis
1148 3693 1313 3759 eiicerent:

90 3785 264 3868 ,Nostrum
287 3809 384 3852 nemo
408 3790 549 3871 optimus
573 3797 655 3876 est03
684 3793 734 3857 sin
759 3795 829 3876 quis
854 3799 1005 3882 extiterit,
1028 3801 1093 3865 alio
1117 3803 1151 3865 in
1175 3803 1244 3866 loco
1269 3806 1314 3865 at-

91 3916 151 3979 que
181 3892 266 3978 apud
295 3894 375 3959 alios
404 3894 482 3960 sit:“
512 3900 721 3980 quamobrem
750 3900 933 3968 Heraclitus
962 3906 1127 3971 universos
1155 3907 1314 3990 Ephesios

91 4022 159 4066 asae
188 4004 293 4066 morte
322 4002 505 4067 multandos
536 4004 605 4068 iure
634 4027 691 4070 suo
725 4007 887 4074 iudicavit.
937 4011 1024 4077 Haec
1058 4019 1091 4077 et
1123 4013 1199 4098 alia,
1232 4038 1313 4099 quac

40 4188 51 4209 .
89 4108 189 4174 horae
217 4108 314 4172 huius
341 4110 491 4194 angustia
518 4112 673 4194 excludit,
699 4136 737 4179 eo
762 4137 812 4179 me
835 4118 999 4183 adducunt
1021 4124 1057 4184 ut
1080 4121 1219 4199 credam,
1249 4122 1312 4186 sin-

91 4216 237 4299 gularem
266 4217 362 4280 istam
386 4214 587 4282 Athenarum
613 4220 815 4306 pluriumque
840 4223 993 4289 Graeciae
1016 4227 1195 4292 civitatium
1218 4228 1314 4293 liber-

91 4324 193 4386 tatem
227 4320 341 4385 durum
374 4324 481 4407 potius
515 4326 679 4389 servitium
708 4328 806 4392 fuisse
835 4332 895 4395 sub
924 4333 1052 4398 domino
1086 4335 1178 4400 avido
1206 4339 1239 4399 et
1267 4337 1314 4400 in-

93 4431 201 4511 grato,
228 4429 395 4514 plebisque
419 4430 684 4518 dominationem,
712 4436 826 4502 beluae
850 4438 1003 4507 immanis
1026 4447 1061 4510 et
1083 4443 1212 4532 uariae,
1228 4446 1329 4512 hauh

43 4574 57 4609 ,
94 4533 211 4595 distare
241 4535 283 4595 ab
313 4541 450 4600 extrema
484 4543 674 4622 tyrannide:
707 4569 808 4634 quam
841 4552 955 4642 ipsam
987 4580 1030 4625 ex
1061 4560 1126 4627 illa
1158 4563 1262 4654 ‹giqrix
1288 4585 1346 4631 n‘·

1100 4672 1142 4728 (2ss
