2760 4868
678 551 740 628 ,νο

162 713 289 786 Oratio
317 715 504 787 nataliciis
532 713 712 787 Friderici
739 713 916 787 Guilelmi
943 715 1006 788 ΙΙΙ.
1035 715 1266 789 celebrandis

330 840 364 913 d.
391 861 440 914 nr.
473 863 522 913 m.
549 839 641 935 Aug.
669 861 700 909 a.
728 857 937 915 nncocxvu.
968 840 1107 912 habita.

193 1138 346 1215 Quotiens
370 1138 450 1204 mihi
472 1140 506 1203 in
525 1139 686 1204 nataliciis
704 1138 860 1204 Friderici
879 1137 1039 1222 Guilelmi,
1062 1138 1170 1204 Patris
1193 1141 1328 1225 patriae,

102 1247 202 1310 rerba
228 1246 376 1311 facienda
402 1269 512 1312 coram
539 1247 632 1312 vobis
660 1250 750 1330 sunt,
782 1245 843 1310 viri
871 1238 1151 1329 excellentissimi,
1174 1247 1328 1333 illustres,

103 1353 265 1437 generosi,
297 1355 439 1439 collegae
467 1358 501 1419 et
527 1353 762 1418 commilitones
791 1352 1004 1436 dilectissimi,
1038 1353 1159 1418 totiens
1187 1358 1329 1420 mentem

103 1481 207 1524 meam
231 1482 325 1525 curae
348 1464 416 1525 tam
440 1461 554 1525 anxiae
577 1460 789 1545 distringunt,
818 1463 855 1524 ut
881 1459 1024 1523 muneris
1047 1459 1143 1524 huius
1166 1462 1328 1546 magnitu-

103 1567 211 1631 dinem
233 1572 318 1632 recte
342 1569 480 1632 arbitrer
503 1568 674 1632 aestimare
698 1567 862 1631 neminem
884 1588 993 1651 posse,
1015 1565 1080 1631 nisi
1103 1568 1193 1632 cuius
1217 1569 1329 1633 eadem

103 1695 140 1738 ac
167 1695 239 1738 mea
271 1674 416 1740 condicio
445 1674 551 1740 tuerit.
603 1674 804 1758 Quamquam
835 1674 920 1738 enim
949 1675 1131 1757 expeditum
1160 1677 1193 1739 et
1219 1675 1330 1739 iucun-

103 1781 179 1845 dum
213 1785 276 1865 est,
310 1779 408 1866 Regis
441 1785 474 1846 et
505 1781 551 1844 rei
583 1779 731 1864 publicae
763 1779 957 1846 Borussicae
990 1781 1126 1845 virtutes
1159 1781 1330 1866 celebrare,

102 1886 154 1950 cui
173 1887 219 1951 rei
237 1910 404 1971 nunquam
423 1910 489 1952 non
512 1888 648 1951 materia
666 1886 864 1970 suppeditat,
887 1890 996 1952 tamen
1019 1888 1206 1971 necessitas
1230 1911 1328 1972 quam

103 1993 166 2058 diei
184 1994 377 2059 faustissimi
395 1995 509 2079 religio
531 1994 680 2079 iniungit,
704 1995 732 2057 si
751 2015 865 2057 sensus
888 1995 988 2058 vestri
1007 1998 1040 2059 et
1062 1998 1139 2060 vota
1161 2016 1220 2078 pro
1240 1993 1328 2080 Rege

103 2100 226 2184 optimo
250 2105 399 2185 suscepta
422 2101 559 2186 singulis
587 2101 680 2164 annis
710 2101 751 2165 ab
779 2122 844 2164 uuo
873 2088 1048 2184 eodemque
1076 2102 1253 2184 interprete
1277 2124 1329 2167 ex-

102 2207 254 2291 plicanda
277 2211 366 2291 sunt,
389 2208 483 2272 facile
507 2211 614 2291 potest
637 2206 795 2272 dicentem
819 2205 1024 2285 confundere,
1050 2207 1136 2291 quod
1159 2212 1217 2273 aut
1234 2209 1329 2273 omit

102 2318 184 2399 tere,
212 2337 293 2400 quae
322 2314 351 2380 ei
378 2314 565 2379 iamdudum
591 2314 763 2399 potissima
789 2313 974 2397 rideantur,
1006 2317 1062 2377 aut
1089 2314 1213 2398 pridem
1244 2315 1330 2381 dicta

102 2420 176 2503 plus
205 2422 304 2486 semel
331 2425 490 2506 repetere,
523 2444 713 2506 omnemque
742 2421 844 2504 illam,
877 2442 958 2504 quae
990 2421 1133 2485 novitate
1163 2443 1329 2505 compara-

102 2530 165 2611 tur,
189 2528 346 2594 orationis
366 2528 505 2612 gratiam
524 2529 655 2612 perdere
675 2528 810 2613 cogitur.
856 2527 948 2604 Quod
971 2528 1026 2593 ubi
1045 2528 1210 2612 profiteor,
1233 2552 1329 2595 nemo

90 2634 149 2698 'ita
177 2634 297 2700 dictum
326 2635 475 2719 accipiet,
504 2639 542 2700 ut
568 2636 603 2698 in
630 2634 793 2700 Friderico
821 2633 981 2698 Guilelmo
1008 2655 1124 2723 negem
1152 2636 1328 2701 multarum

101 2741 325 2826 variarumque
354 2742 485 2807 laudum
513 2743 640 2827 copiam
669 2743 867 2807 uberrimam
894 2746 1015 2806 extare:
1045 2741 1102 2805 sed
1132 2746 1249 2807 natura
1281 2745 1330 2809 ita

102 2850 279 2932 comparati
302 2871 427 2933 sumus,
454 2854 491 2913 ut
513 2850 580 2913 fere
603 2850 658 2913 alii
681 2850 755 2915 aliis
779 2849 904 2915 artibus
928 2848 1034 2934 magis
1059 2847 1257 2914 delectentur
1280 2855 1328 2915 at

102 2977 163 3040 que
187 2955 369 3039 capiantur,
398 2956 616 3041 unusquisque
640 2979 715 3022 vero
738 2957 779 3021 ad
802 2979 853 3040 ea,
882 2978 964 3040 quae
991 2955 1054 3039 ipsi
1077 2955 1236 3039 imprimis
1261 2957 1328 3041 pla·

102 3066 209 3145 ceant,
241 3062 346 3127 acrius
374 3084 471 3146 quam
500 3063 540 3126 ad
569 3068 675 3128 cetera
702 3065 847 3130 animum
875 3061 1036 3144 intendat,
1068 3062 1125 3127 illa
1152 3063 1328 3128 studiosius

102 3168 284 3234 consideret
316 3170 567 3254 admireturque,
601 3171 658 3234 illa
689 3171 866 3256 spectanda
897 3173 930 3234 et
962 3168 1166 3252 suspicienda
1198 3170 1329 3236 audien-

101 3275 190 3340 tibus
218 3281 392 3360 proponat:
420 3277 504 3341 unde
532 3277 581 3360 fit,
612 3281 650 3342 ut
676 3279 710 3343 in
737 3277 937 3362 principibus
965 3276 1137 3360 multiplici
1165 3276 1328 3359 praedica·

102 3382 191 3446 tione
220 3382 326 3468 dignis
361 3383 459 3447 iidem
493 3384 628 3449 diversis
661 3385 756 3449 annis
788 3384 829 3449 ad
857 3383 969 3449 eadem
997 3386 1178 3466 recurrant,
1210 3383 1329 3448 diversi

101 3511 161 3573 pro
185 3511 242 3554 suo
262 3490 396 3574 quisque
419 3490 553 3575 ingenio
577 3491 675 3556 aliam
699 3491 761 3556 sibi
779 3493 905 3574 partem
924 3494 1087 3554 sumentes
1111 3488 1224 3553 eodem
1246 3493 1327 3555 tem·

102 3618 180 3680 pore
202 3598 300 3681 plane
323 3596 494 3661 dissimilia
521 3601 720 3682 expromaut
765 3597 818 3662 Me
842 3618 931 3679 vero,
960 3596 1012 3661 cui
1038 3596 1143 3661 honos
1167 3598 1327 3680 amplissi-

102 3724 173 3767 mus
202 3703 370 3788 obtigerit,
398 3707 435 3768 ut
461 3704 512 3777 in,
525 3710 681 3790 suggestu
708 3706 770 3770 hoc
796 3705 925 3790 publice
953 3690 1063 3768 orator
1086 3702 1224 3769 Senatus
1252 3726 1326 3769 con·

102 3809 266 3894 stitucrcr,
299 3811 326 3875 si
359 3810 569 3875 sollemnibus
597 3812 648 3877 his
680 3812 893 3878 sanctissimis
921 3833 994 3876 mea
1021 3832 1097 3875 voce
1126 3811 1327 3876 celebrandis

101 3915 197 3980 hodie
226 3920 376 4000 quartum
405 3919 581 4002 accinctus,
610 3923 647 3984 ut
673 3919 767 4003 illud,
795 3919 879 4003 quod
908 3918 1100 4002 significavi,
1127 3939 1183 3981 seu
1211 3918 1326 3982 vitium

102 4023 169 4088 sive
188 4023 427 4089 incommodum
447 4025 594 4109 devitem,
618 4048 638 4090 a
656 4025 743 4112 Rege
762 4026 882 4091 nostris
902 4024 1083 4108 praeconiis
1102 4023 1199 4108 longe
1219 4047 1327 4109 super·

100 4130 169 4194 iore
189 4130 389 4215 aliquantum
410 4131 596 4216 discessero,
615 4133 695 4198 haee
713 4155 778 4197 una
797 4132 960 4196 excusatio
976 4131 1055 4195 satis
1070 4131 1222 4209 tuebitur,
1241 4132 1326 4217 quod

101 4235 226 4301 Plinius
245 4237 419 4302 Traianum
444 4236 543 4302 semel
566 4238 718 4302 laudavit.
755 4238 838 4315 Quid
862 4238 947 4322 quod
970 4237 1044 4302 huic
1067 4238 1129 4321 ipsi
1153 4238 1216 4303 diei
1235 4237 1326 4304 Prin-

101 4343 228 4428 cipique
251 4348 319 4408 turn
343 4346 389 4409 rei
413 4346 539 4410 divinae
567 4349 636 4409 tum
659 4345 839 4409 litterarum
863 4344 999 4409 feliciter
1027 4345 1325 4411 constituendarum

102 4452 224 4516 auctori
243 4451 330 4516 haud
352 4451 583 4517 inconveniens
603 4452 737 4536 videtur,
760 4452 824 4516 iam
848 4473 932 4515 nunc
955 4451 1143 4516 memoriam
1167 4451 1326 4516 maximae
