2760 4868
642 638 710 724 IV.

66 807 184 880 Oratio
208 807 251 879 in
276 807 511 879 dedicatione
535 806 791 880 univcrsitatis
815 808 1020 880 litterariae
1039 809 1289 883 Berolinensis

257 932 293 1003 d.
322 952 422 1006 xxvi.
446 955 493 1003 m.
522 931 639 1024 April.
667 955 700 1002 a.
728 952 928 1008 uococxvn
951 933 1089 1008 habita.

598 1125 756 1134 ——-.—

148 1265 257 1342 Quam
286 1289 355 1332 rem
383 1268 481 1352 longo
510 1291 548 1332 ex
572 1272 718 1351 tempore
742 1267 826 1331 votis
849 1267 1109 1352 flagrantissimis
1132 1271 1289 1352 expetive-

64 1395 171 1437 ramus
200 1379 234 1439 et
258 1374 417 1439 desiderio
441 1395 567 1438 summo
595 1378 909 1458 exspectaveramus,
937 1375 986 1439 vir
1013 1376 1291 1463 excellentissime,

64 1481 122 1544 siri
145 1481 292 1546 illustres
316 1485 350 1546 et
373 1481 583 1564 celeberrimi,
611 1481 847 1546 commilitones
871 1483 1085 1565 ornatissimi3
1116 1505 1154 1547 ea
1180 1506 1231 1549 res
1256 1486 1289 1549 in

63 1588 163 1651 oculis
187 1589 310 1652 nostris
333 1610 391 1671 per
412 1587 559 1652 homines
587 1588 805 1672 amplissimos
833 1610 919 1652 nunc
946 1588 1052 1672 ipsum
1078 1595 1151 1654 acta
1177 1613 1290 1675 precor

63 1716 81 1757 a
103 1691 174 1758 Deo
200 1693 335 1778 Optimo
360 1693 504 1759 Maximo
532 1699 568 1758 ut
595 1695 724 1759 scholae
751 1698 884 1759 nostrae
912 1699 945 1758 et
971 1697 1017 1759 rei
1047 1697 1193 1781 publicae
1222 1700 1290 1762 uni·

63 1822 176 1866 versae
213 1801 336 1885 fauste,
373 1801 511 1866 feliciter
546 1823 760 1886 prospereque
792 1801 928 1866 eveniat.
983 1801 1089 1868 Tanto
1121 1805 1207 1869 enim
1240 1810 1291 1870 est

63 1913 155 1972 actus
183 1908 281 1972 huius
309 1909 466 1994 gravitas,
493 1911 585 1972 tanta
608 1908 690 1993 legis
718 1908 813 1974 nobis
840 1907 979 1972 traditae
1002 1911 1051 1974 vis
1075 1933 1113 1975 ac
1136 1918 1289 1996 potestas,

62 2020 97 2079 ut
125 2017 154 2079 si
183 2015 239 2079 ille
266 2016 349 2080 bene
376 2019 409 2079 et
436 2037 508 2079 cum
537 2014 645 2078 divina
673 2037 734 2099 ope
766 2015 926 2099 perfectus
955 2016 1009 2099 sit,
1042 2017 1069 2080 si
1100 2017 1180 2084 haec
1207 2043 1288 2085 nun·

62 2145 160 2207 quam
188 2144 256 2187 non
285 2122 434 2207 religiose
462 2123 651 2186 observetur
678 2143 715 2186 ac
738 2123 927 2207 retineatur,
955 2123 1148 2189 universitas
1177 2130 1290 2192 nostra

61 2229 224 2293 litteraria
241 2229 285 2293 ait
308 2230 442 2293 firmiter
460 2228 646 2311 constituta,
669 2232 702 2292 et
719 2229 842 2293 tamdiu
860 2231 973 2294 illaesa
994 2253 1154 2314 mansura,
1179 2256 1288 2318 quam-

62 2336 119 2401 diu
141 2359 251 2401 rerum
275 2336 491 2400 humanarum
514 2335 660 2400 omnium
681 2336 766 2400 fluxa
787 2339 820 2400 et
841 2337 966 2422 fragilis
985 2337 1129 2404 condicio
1153 2341 1288 2422 patitur:

62 2445 113 2508 sin
142 2443 301 2508 memoria
326 2442 423 2508 huius
446 2443 508 2507 diei
533 2442 723 2527 aboleverit,
750 2447 808 2509 aut
835 2443 885 2507 lex
915 2445 1118 2510 sanctissima
1145 2447 1288 2531 negliga-

62 2557 129 2635 tur,
153 2549 389 2636 perfringatur,
416 2554 592 2633 evertatur,
620 2553 690 2613 tum
713 2549 841 2614 demum
865 2573 970 2615 rerum
994 2555 1177 2617 nostrarum
1201 2554 1288 2618 salus

61 2658 96 2721 in
123 2656 310 2721 discrimine
338 2660 489 2722 versetur.
538 2655 659 2733 Quodsi
681 2656 752 2721 Deo
779 2663 950 2740 praesente
977 2659 1057 2724 haec
1085 2659 1136 2723 lex
1164 2660 1289 2725 sancita

63 2769 125 2849 est,
153 2786 221 2830 non
249 2765 370 2849 poterit
396 2765 465 2830 sinc
488 2762 558 2829 Deo
585 2763 731 2828 rescindi.
777 2762 951 2828 Dedicatur
977 2765 1074 2830 hodie
1101 2767 1216 2831 litteris
1241 2789 1287 2831 sc-

63 2873 132 2956 des,
159 2895 242 2956 quae
266 2876 391 2956 septem
419 2871 514 2935 annis
542 2871 629 2934 inter
651 2870 756 2935 varias
781 2870 1020 2935 vicissitudines
1048 2873 1154 2937 locum
1182 2878 1289 2939 tutata

63 2979 319 3063 experimentum
343 2978 392 3042 rui
416 2977 515 3043 dedit:
539 3000 602 3063 quo
626 2977 677 3042 die
703 2999 763 3063 ego
787 2978 850 3042 huc
872 2984 1016 3062 vocatus,
1038 2982 1075 3043 ut
1098 2979 1184 3062 quod
1207 2979 1287 3044 mihi

62 3109 99 3151 ex
121 3109 156 3151 re
179 3087 354 3170 videretur,
377 3086 489 3170 paucis
513 3085 716 3168 dissererem,
740 3084 837 3149 simul
861 3087 898 3148 ut
922 3082 1004 3168 Regi
1027 3089 1166 3170 augusto
1191 3086 1288 3152 bene·

63 3194 125 3258 ficii
148 3194 185 3258 in
207 3215 268 3258 nos
291 3193 401 3258 collati
428 3195 537 3278 grates
562 3213 704 3277 agerem,
733 3214 926 3278 quamquam
955 3192 1033 3257 mihi
1062 3196 1191 3277 tempus
1218 3215 1288 3277 per·
1325 3233 1332 3247 ·

62 3302 213 3386 exiguum
237 3321 425 3365 concessum
449 3303 482 3363 et
504 3300 595 3383 quasi
619 3299 659 3363 ad
684 3321 799 3383 aquam
824 3298 993 3364 dicendum
1016 3303 1074 3383 est,
1098 3299 1136 3363 ad
1160 3298 1287 3364 sollem-

62 3409 149 3472 nium
176 3406 372 3491 dignitatem
400 3407 582 3492 argumenti
609 3406 809 3491 praestantia
837 3405 945 3489 aliqua
973 3428 1011 3470 ex
1037 3410 1130 3489 parte
1154 3406 1286 3470 studens

63 3515 226 3597 accedere,
262 3513 412 3599 religioni
450 3513 531 3579 duco
565 3514 603 3578 de
634 3535 668 3577 re
701 3513 769 3607 ulla
800 3512 904 3577 dicere
937 3534 1034 3597 quam
1065 3512 1104 3576 de
1136 3513 1208 3595 ipsa
1239 3513 1286 3576 in-

62 3623 168 3686 stituti
197 3620 379 3706 gravissimi
402 3621 541 3706 ratione,
569 3621 623 3704 qui
645 3620 731 3704 finis,
758 3619 841 3704 quod
865 3619 1032 3705 ingenium
1056 3620 1099 3684 sit
1122 3619 1286 3684 doctrinae

62 3729 314 3812 disciplinaeque
347 3727 562 3812 academicae,
599 3728 674 3813 quid
707 3726 775 3791 Rex
812 3727 1070 3810 sapientissimus
1104 3727 1138 3791 in
1176 3727 1287 3791 schola

62 3835 120 3899 hac
147 3835 268 3899 artium
296 3835 462 3899 condenda
490 3836 628 3900 maxime
662 3839 823 3918 spectasse
854 3834 1013 3918 videatur,
1045 3835 1181 3919 denique
1211 3835 1284 3918 quid

61 3944 155 4007 nobis
187 3943 310 4006 factum
343 3947 376 4007 et
407 3943 542 4027 posthac
574 3942 758 4006 faciendum
790 3941 845 4025 sit,
878 3964 941 4026 quo
975 3942 1072 4006 studii
1103 3941 1285 4004 litterarum

62 4050 162 4114 indoli
187 4049 410 4133 voluntatique
433 4051 542 4135 regiae
566 4049 685 4132 optime
708 4048 968 4132 respondeamus.
1015 4047 1060 4112 Et
1082 4048 1220 4131 primum
1244 4069 1285 4111 ne

63 4179 235 4240 exponam,
264 4156 379 4241 quibus
407 4157 507 4220 initiis
535 4157 716 4239 causisque,
744 4159 917 4239 postquam
944 4156 1016 4219 labe
1043 4158 1224 4238 temporum
1253 4158 1286 4217 et

62 4265 154 4328 ruina
177 4262 367 4340 civitatium,
391 4262 561 4347 ingruente
585 4263 753 4346 paullatim
776 4262 948 4345 tyrannide
972 4262 1111 4344 funesta,
1133 4283 1196 4346 qua
1219 4282 1286 4325 non

64 4370 156 4434 modo
188 4391 338 4453 corpora,
375 4370 430 4434 sed
463 4371 561 4434 animi
597 4370 659 4454 ipsi
692 4368 790 4433 vincti
823 4373 856 4432 et
887 4368 1054 4433 constricti
1084 4367 1289 4448 tenebantur,

63 4498 134 4540 mox
155 4477 350 4557 populorum
378 4476 586 4543 barbarorum
616 4477 865 4547 incursionibus
890 4480 1087 4552 litterarum
1108 4474 1202 4567 aqud
1219 4476 1311 4537 vete-
