<?xml version="1.0" encoding="UTF-8"?>
<!DOCTYPE html PUBLIC "-//W3C//DTD XHTML 1.0 Transitional//EN"
    "http://www.w3.org/TR/xhtml1/DTD/xhtml1-transitional.dtd">
<html xmlns="http://www.w3.org/1999/xhtml" xml:lang="en" lang="en">
 <head>
  <title>
</title>
<meta http-equiv="Content-Type" content="text/html;charset=utf-8" />
  <meta name='ocr-system' content='tesseract 3.04.00' />
  <meta name='ocr-capabilities' content='ocr_page ocr_carea ocr_par ocr_line ocrx_word'/>
</head>
<body>
  <div class='ocr_page' id='page_1' title='image "augustboeckhsge00bratgoog_0019.png"; bbox 0 0 2760 4868; ppageno 0'>
   <div class='ocr_carea' id='block_1_1' title="bbox 673 984 701 1058">
    <p class='ocr_par' dir='ltr' id='par_1_1' title="bbox 673 984 701 1058">
     <span class='ocr_line' id='line_1_1' title="bbox 673 984 701 1058; baseline 0.071 -2"><span class='ocrx_word' id='word_1_1' title='bbox 673 984 701 1058; x_wconf 91' lang='lat'>1.</span> 
     </span>
    </p>
   </div>
   <div class='ocr_carea' id='block_1_2' title="bbox 125 1143 1233 1365">
    <p class='ocr_par' dir='ltr' id='par_1_2' title="bbox 125 1143 1233 1365">
     <span class='ocr_line' id='line_1_2' title="bbox 125 1143 1233 1219; baseline 0.002 -3"><span class='ocrx_word' id='word_1_2' title='bbox 125 1144 255 1216; x_wconf 88' lang='lat' dir='ltr'>Oratio</span> <span class='ocrx_word' id='word_1_3' title='bbox 285 1143 477 1216; x_wconf 85' lang='lat' dir='ltr'>nataliciis</span> <span class='ocrx_word' id='word_1_4' title='bbox 505 1144 682 1217; x_wconf 81' lang='lat' dir='ltr'>Friderici</span> <span class='ocrx_word' id='word_1_5' title='bbox 710 1145 886 1218; x_wconf 81' lang='lat' dir='ltr'>Guilelmi</span> <span class='ocrx_word' id='word_1_6' title='bbox 913 1144 977 1216; x_wconf 93' lang='lat' dir='ltr'><strong>III.</strong></span> <span class='ocrx_word' id='word_1_7' title='bbox 1006 1144 1233 1219; x_wconf 81' lang='lat' dir='ltr'>celebrandis</span> 
     </span>
     <span class='ocr_line' id='line_1_3' title="bbox 362 1269 1015 1365; baseline 0 -25"><span class='ocrx_word' id='word_1_8' title='bbox 362 1269 395 1343; x_wconf 88' lang='lat' dir='ltr'>d.</span> <span class='ocrx_word' id='word_1_9' title='bbox 419 1289 468 1345; x_wconf 84' lang='lat'>111.</span> <span class='ocrx_word' id='word_1_10' title='bbox 492 1269 585 1365; x_wconf 84' lang='lat' dir='ltr'>Aug.</span> <span class='ocrx_word' id='word_1_11' title='bbox 610 1292 642 1341; x_wconf 90' lang='lat' dir='ltr'>a.</span> <span class='ocrx_word' id='word_1_12' title='bbox 667 1289 851 1346; x_wconf 83' lang='lat' dir='ltr'>nucccxu.</span> <span class='ocrx_word' id='word_1_13' title='bbox 876 1269 1015 1342; x_wconf 85' lang='lat' dir='ltr'>habita.</span> 
     </span>
    </p>
   </div>
   <div class='ocr_carea' id='block_1_3' title="bbox 56 1569 1303 4427">
    <p class='ocr_par' dir='ltr' id='par_1_3' title="bbox 56 1569 1303 4427">
     <span class='ocr_line' id='line_1_4' title="bbox 158 1569 1301 1654; baseline -0.001 -19"><span class='ocrx_word' id='word_1_14' title='bbox 158 1570 267 1647; x_wconf 82' lang='lat' dir='ltr'>Quum</span> <span class='ocrx_word' id='word_1_15' title='bbox 306 1570 349 1635; x_wconf 89' lang='lat' dir='ltr'>ad</span> <span class='ocrx_word' id='word_1_16' title='bbox 387 1571 567 1636; x_wconf 85' lang='lat' dir='ltr'>orationem</span> <span class='ocrx_word' id='word_1_17' title='bbox 603 1569 810 1652; x_wconf 87' lang='lat' dir='ltr'>audiendam,</span> <span class='ocrx_word' id='word_1_18' title='bbox 849 1591 913 1653; x_wconf 90' lang='lat' dir='ltr'>qua</span> <span class='ocrx_word' id='word_1_19' title='bbox 945 1569 1171 1635; x_wconf 89' lang='lat' dir='ltr'>constituimus</span> <span class='ocrx_word' id='word_1_20' title='bbox 1203 1569 1301 1654; x_wconf 81' lang='lat' dir='ltr'>Regis</span> 
     </span>
     <span class='ocr_line' id='line_1_5' title="bbox 74 1676 1303 1761; baseline 0.001 -21"><span class='ocrx_word' id='word_1_21' title='bbox 74 1679 189 1760; x_wconf 86' lang='lat' dir='ltr'>optimi</span> <span class='ocrx_word' id='word_1_22' title='bbox 221 1677 378 1742; x_wconf 83' lang='lat' dir='ltr'>natalicia</span> <span class='ocrx_word' id='word_1_23' title='bbox 409 1699 475 1742; x_wconf 89' lang='lat' dir='ltr'>non</span> <span class='ocrx_word' id='word_1_24' title='bbox 509 1699 548 1741; x_wconf 83' lang='lat' dir='ltr'>ex</span> <span class='ocrx_word' id='word_1_25' title='bbox 581 1697 684 1760; x_wconf 89' lang='lat' dir='ltr'>more,</span> <span class='ocrx_word' id='word_1_26' title='bbox 717 1676 772 1741; x_wconf 92' lang='lat' dir='ltr'>sed</span> <span class='ocrx_word' id='word_1_27' title='bbox 805 1696 843 1740; x_wconf 83' lang='lat' dir='ltr'>ex</span> <span class='ocrx_word' id='word_1_28' title='bbox 874 1677 981 1741; x_wconf 91' lang='lat' dir='ltr'>animo</span> <span class='ocrx_word' id='word_1_29' title='bbox 1008 1676 1105 1742; x_wconf 90' lang='lat' dir='ltr'>hodie</span> <span class='ocrx_word' id='word_1_30' title='bbox 1133 1676 1303 1761; x_wconf 89' lang='lat' dir='ltr'>celebrare,</span> 
     </span>
     <span class='ocr_line' id='line_1_6' title="bbox 75 1781 1301 1866; baseline 0 -19"><span class='ocrx_word' id='word_1_31' title='bbox 75 1781 212 1849; x_wconf 87' lang='lat' dir='ltr'>Senatus</span> <span class='ocrx_word' id='word_1_32' title='bbox 247 1783 388 1848; x_wconf 83' lang='lat' dir='ltr'>civitatis</span> <span class='ocrx_word' id='word_1_33' title='bbox 420 1783 517 1848; x_wconf 89' lang='lat' dir='ltr'>huius</span> <span class='ocrx_word' id='word_1_34' title='bbox 548 1782 725 1848; x_wconf 88' lang='lat' dir='ltr'>litterariae</span> <span class='ocrx_word' id='word_1_35' title='bbox 752 1805 811 1848; x_wconf 87' lang='lat' dir='ltr'>vos</span> <span class='ocrx_word' id='word_1_36' title='bbox 839 1783 957 1866; x_wconf 90' lang='lat' dir='ltr'>partim</span> <span class='ocrx_word' id='word_1_37' title='bbox 985 1782 1151 1865; x_wconf 87' lang='lat' dir='ltr'>invitaret,</span> <span class='ocrx_word' id='word_1_38' title='bbox 1184 1782 1301 1866; x_wconf 90' lang='lat' dir='ltr'>partim</span> 
     </span>
     <span class='ocr_line' id='line_1_7' title="bbox 75 1888 1302 1973; baseline 0 -19"><span class='ocrx_word' id='word_1_39' title='bbox 75 1894 280 1973; x_wconf 74' lang='lat' dir='ltr'><strong>convocaret,</strong></span> <span class='ocrx_word' id='word_1_40' title='bbox 312 1890 373 1954; x_wconf 86' lang='lat' dir='ltr'>viri</span> <span class='ocrx_word' id='word_1_41' title='bbox 403 1888 626 1972; x_wconf 83' lang='lat' dir='ltr'>illustrissimi,</span> <span class='ocrx_word' id='word_1_42' title='bbox 654 1889 862 1972; x_wconf 86' lang='lat' dir='ltr'>nobilissimi,</span> <span class='ocrx_word' id='word_1_43' title='bbox 890 1888 1083 1972; x_wconf 76' lang='lat' dir='ltr'>doctissimi,</span> <span class='ocrx_word' id='word_1_44' title='bbox 1111 1889 1302 1954; x_wconf 91' lang='lat' dir='ltr'>commilito-</span> 
     </span>
     <span class='ocr_line' id='line_1_8' title="bbox 75 1995 1302 2082; baseline -0.002 -21"><span class='ocrx_word' id='word_1_45' title='bbox 75 2019 193 2082; x_wconf 85' lang='lat' dir='ltr'>nesque</span> <span class='ocrx_word' id='word_1_46' title='bbox 231 1996 446 2061; x_wconf 73' lang='lat' dir='ltr'>dilectissimi:</span> <span class='ocrx_word' id='word_1_47' title='bbox 484 1997 560 2082; x_wconf 91' lang='lat' dir='ltr'>quid</span> <span class='ocrx_word' id='word_1_48' title='bbox 598 1996 850 2079; x_wconf 82' lang='lat' dir='ltr'>exspectandum</span> <span class='ocrx_word' id='word_1_49' title='bbox 872 2000 970 2060; x_wconf 88' lang='lat' dir='ltr'>&#39;esset</span> <span class='ocrx_word' id='word_1_50' title='bbox 992 1997 1035 2061; x_wconf 92' lang='lat' dir='ltr'>&#39;in</span> <span class='ocrx_word' id='word_1_51' title='bbox 1068 1996 1129 2061; x_wconf 92' lang='lat' dir='ltr'>hoc</span> <span class='ocrx_word' id='word_1_52' title='bbox 1160 1995 1302 2060; x_wconf 88' lang='lat' dir='ltr'>laetitiae</span> 
     </span>
     <span class='ocr_line' id='line_1_9' title="bbox 75 2088 1302 2189; baseline -0.002 -21"><span class='ocrx_word' id='word_1_53' title='bbox 75 2104 221 2188; x_wconf 88' lang='lat' dir='ltr'>publicae</span> <span class='ocrx_word' id='word_1_54' title='bbox 260 2088 468 2182; x_wconf 87' lang='lat' dir='ltr'>documento,</span> <span class='ocrx_word' id='word_1_55' title='bbox 510 2104 679 2189; x_wconf 81' lang='lat' dir='ltr'>ignorasse</span> <span class='ocrx_word' id='word_1_56' title='bbox 717 2107 860 2169; x_wconf 87' lang='lat' dir='ltr'>vestrum</span> <span class='ocrx_word' id='word_1_57' title='bbox 897 2103 1059 2168; x_wconf 91' lang='lat' dir='ltr'>neminem</span> <span class='ocrx_word' id='word_1_58' title='bbox 1097 2102 1302 2167; x_wconf 80' lang='lat' dir='ltr'>arbitramur.</span> 
     </span>
     <span class='ocr_line' id='line_1_10' title="bbox 75 2207 1302 2296; baseline -0.001 -22"><span class='ocrx_word' id='word_1_59' title='bbox 75 2209 186 2295; x_wconf 78' lang='lat' dir='ltr'>Neque</span> <span class='ocrx_word' id='word_1_60' title='bbox 224 2210 311 2275; x_wconf 88' lang='lat' dir='ltr'>enim</span> <span class='ocrx_word' id='word_1_61' title='bbox 350 2232 406 2276; x_wconf 85' lang='lat' dir='ltr'>ore</span> <span class='ocrx_word' id='word_1_62' title='bbox 437 2210 607 2296; x_wconf 85' lang='lat' dir='ltr'>verbisque</span> <span class='ocrx_word' id='word_1_63' title='bbox 639 2210 764 2275; x_wconf 92' lang='lat' dir='ltr'>laudari</span> <span class='ocrx_word' id='word_1_64' title='bbox 795 2210 941 2295; x_wconf 90' lang='lat' dir='ltr'>postulat</span> <span class='ocrx_word' id='word_1_65' title='bbox 971 2208 1151 2274; x_wconf 85' lang='lat' dir='ltr'>Fridericus</span> <span class='ocrx_word' id='word_1_66' title='bbox 1183 2207 1302 2273; x_wconf 88' lang='lat' dir='ltr'>Guilel-</span> 
     </span>
     <span class='ocr_line' id='line_1_11' title="bbox 75 2316 1302 2402; baseline -0.002 -21"><span class='ocrx_word' id='word_1_67' title='bbox 75 2339 159 2400; x_wconf 89' lang='lat' dir='ltr'>mus,</span> <span class='ocrx_word' id='word_1_68' title='bbox 187 2338 303 2402; x_wconf 84' lang='lat' dir='ltr'>regum</span> <span class='ocrx_word' id='word_1_69' title='bbox 330 2318 588 2382; x_wconf 87' lang='lat' dir='ltr'>modestissimus</span> <span class='ocrx_word' id='word_1_70' title='bbox 616 2321 649 2382; x_wconf 92' lang='lat' dir='ltr'>et</span> <span class='ocrx_word' id='word_1_71' title='bbox 675 2317 815 2382; x_wconf 82' lang='lat' dir='ltr'>maxime</span> <span class='ocrx_word' id='word_1_72' title='bbox 840 2316 957 2398; x_wconf 78' lang='lat' dir='ltr'>civilis3</span> <span class='ocrx_word' id='word_1_73' title='bbox 985 2316 1092 2399; x_wconf 88' lang='lat' dir='ltr'>potius</span> <span class='ocrx_word' id='word_1_74' title='bbox 1116 2337 1214 2399; x_wconf 91' lang='lat' dir='ltr'>quum</span> <span class='ocrx_word' id='word_1_75' title='bbox 1237 2337 1302 2380; x_wconf 93' lang='lat' dir='ltr'>non</span> 
     </span>
     <span class='ocr_line' id='line_1_12' title="bbox 75 2421 1301 2510; baseline -0.003 -22"><span class='ocrx_word' id='word_1_76' title='bbox 75 2427 201 2489; x_wconf 86' lang='lat' dir='ltr'>tanturn</span> <span class='ocrx_word' id='word_1_77' title='bbox 236 2424 325 2510; x_wconf 81' lang='lat' dir='ltr'>leges</span> <span class='ocrx_word' id='word_1_78' title='bbox 359 2424 484 2489; x_wconf 86' lang='lat' dir='ltr'>civitati</span> <span class='ocrx_word' id='word_1_79' title='bbox 516 2423 585 2507; x_wconf 90' lang='lat' dir='ltr'>det,</span> <span class='ocrx_word' id='word_1_80' title='bbox 618 2424 688 2509; x_wconf 88' lang='lat' dir='ltr'>sed,</span> <span class='ocrx_word' id='word_1_81' title='bbox 720 2423 824 2508; x_wconf 88' lang='lat' dir='ltr'>qualis</span> <span class='ocrx_word' id='word_1_82' title='bbox 852 2445 922 2487; x_wconf 89' lang='lat' dir='ltr'>esse</span> <span class='ocrx_word' id='word_1_83' title='bbox 949 2423 1065 2487; x_wconf 91' lang='lat' dir='ltr'>debere</span> <span class='ocrx_word' id='word_1_84' title='bbox 1092 2421 1224 2486; x_wconf 84' lang='lat' dir='ltr'>Graecis</span> <span class='ocrx_word' id='word_1_85' title='bbox 1252 2443 1301 2484; x_wconf 92' lang='lat' dir='ltr'>sa-</span> 
     </span>
     <span class='ocr_line' id='line_1_13' title="bbox 76 2527 1302 2615; baseline -0.003 -21"><span class='ocrx_word' id='word_1_86' title='bbox 76 2531 239 2615; x_wconf 88' lang='lat' dir='ltr'>pientibus</span> <span class='ocrx_word' id='word_1_87' title='bbox 268 2553 324 2596; x_wconf 83' lang='lat' dir='ltr'>rer</span> <span class='ocrx_word' id='word_1_88' title='bbox 346 2531 487 2614; x_wconf 82' lang='lat' dir='ltr'>ridetur,</span> <span class='ocrx_word' id='word_1_89' title='bbox 515 2531 584 2613; x_wconf 90' lang='lat' dir='ltr'>ipse</span> <span class='ocrx_word' id='word_1_90' title='bbox 607 2554 666 2615; x_wconf 92' lang='lat' dir='ltr'>pro</span> <span class='ocrx_word' id='word_1_91' title='bbox 689 2531 764 2595; x_wconf 83' lang='lat' dir='ltr'>viva</span> <span class='ocrx_word' id='word_1_92' title='bbox 787 2531 830 2594; x_wconf 89' lang='lat' dir='ltr'>sit</span> <span class='ocrx_word' id='word_1_93' title='bbox 853 2531 939 2615; x_wconf 82' lang='lat' dir='ltr'>lege:</span> <span class='ocrx_word' id='word_1_94' title='bbox 967 2529 1085 2594; x_wconf 87' lang='lat' dir='ltr'>civium</span> <span class='ocrx_word' id='word_1_95' title='bbox 1108 2527 1302 2612; x_wconf 83' lang='lat' dir='ltr'>pectoribus,</span> 
     </span>
     <span class='ocr_line' id='line_1_14' title="bbox 75 2633 1302 2723; baseline -0.005 -20"><span class='ocrx_word' id='word_1_96' title='bbox 75 2644 229 2723; x_wconf 84' lang='lat' dir='ltr'>tanquam</span> <span class='ocrx_word' id='word_1_97' title='bbox 259 2638 394 2721; x_wconf 87' lang='lat' dir='ltr'>tabulis,</span> <span class='ocrx_word' id='word_1_98' title='bbox 427 2637 616 2719; x_wconf 88' lang='lat' dir='ltr'>inscriptam</span> <span class='ocrx_word' id='word_1_99' title='bbox 645 2637 775 2702; x_wconf 87' lang='lat' dir='ltr'>virtutis</span> <span class='ocrx_word' id='word_1_100' title='bbox 804 2658 882 2701; x_wconf 91' lang='lat' dir='ltr'>suae</span> <span class='ocrx_word' id='word_1_101' title='bbox 910 2636 1098 2700; x_wconf 89' lang='lat' dir='ltr'>memoriam</span> <span class='ocrx_word' id='word_1_102' title='bbox 1127 2656 1196 2699; x_wconf 91' lang='lat' dir='ltr'>esse</span> <span class='ocrx_word' id='word_1_103' title='bbox 1225 2633 1302 2717; x_wconf 88' lang='lat' dir='ltr'>vult,</span> 
     </span>
     <span class='ocr_line' id='line_1_15' title="bbox 76 2742 1303 2829; baseline -0.003 -21"><span class='ocrx_word' id='word_1_104' title='bbox 76 2768 136 2829; x_wconf 87' lang='lat' dir='ltr'>quo</span> <span class='ocrx_word' id='word_1_105' title='bbox 179 2744 221 2809; x_wconf 89' lang='lat' dir='ltr'>ad</span> <span class='ocrx_word' id='word_1_106' title='bbox 258 2744 439 2828; x_wconf 82' lang='lat' dir='ltr'>exemplum</span> <span class='ocrx_word' id='word_1_107' title='bbox 477 2744 580 2828; x_wconf 87' lang='lat' dir='ltr'>ipsius</span> <span class='ocrx_word' id='word_1_108' title='bbox 617 2743 884 2826; x_wconf 83' lang='lat' dir='ltr'>moderationem,</span> <span class='ocrx_word' id='word_1_109' title='bbox 926 2742 1098 2824; x_wconf 88' lang='lat' dir='ltr'>iustitiam,</span> <span class='ocrx_word' id='word_1_110' title='bbox 1139 2742 1303 2824; x_wconf 88' lang='lat' dir='ltr'>pietatem,</span> 
     </span>
     <span class='ocr_line' id='line_1_16' title="bbox 77 2845 1303 2935; baseline -0.004 -20"><span class='ocrx_word' id='word_1_111' title='bbox 77 2852 309 2934; x_wconf 85' lang='lat' dir='ltr'>constantiam,</span> <span class='ocrx_word' id='word_1_112' title='bbox 342 2849 479 2935; x_wconf 91' lang='lat' dir='ltr'>denique</span> <span class='ocrx_word' id='word_1_113' title='bbox 513 2871 637 2933; x_wconf 90' lang='lat' dir='ltr'>omnes,</span> <span class='ocrx_word' id='word_1_114' title='bbox 656 2845 751 2934; x_wconf 67' lang='lat' dir='ltr'>&#39;quae</span> <span class='ocrx_word' id='word_1_115' title='bbox 782 2849 837 2914; x_wconf 93' lang='lat' dir='ltr'>ad·</span> <span class='ocrx_word' id='word_1_116' title='bbox 850 2849 989 2913; x_wconf 88' lang='lat' dir='ltr'>salutem</span> <span class='ocrx_word' id='word_1_117' title='bbox 1015 2848 1177 2933; x_wconf 90' lang='lat' dir='ltr'>publicam</span> <span class='ocrx_word' id='word_1_118' title='bbox 1204 2847 1303 2930; x_wconf 90' lang='lat' dir='ltr'>perti·</span> 
     </span>
     <span class='ocr_line' id='line_1_17' title="bbox 77 2954 1302 3039; baseline -0.003 -18"><span class='ocrx_word' id='word_1_119' title='bbox 77 2962 168 3038; x_wconf 87' lang='lat' dir='ltr'>nent,</span> <span class='ocrx_word' id='word_1_120' title='bbox 207 2961 294 3022; x_wconf 86' lang='lat' dir='ltr'>artes</span> <span class='ocrx_word' id='word_1_121' title='bbox 332 2957 435 3022; x_wconf 83' lang='lat' dir='ltr'>bonas</span> <span class='ocrx_word' id='word_1_122' title='bbox 470 2957 695 3039; x_wconf 87' lang='lat' dir='ltr'>comprobent,</span> <span class='ocrx_word' id='word_1_123' title='bbox 731 2955 930 3033; x_wconf 84' lang='lat' dir='ltr'>collaudent,</span> <span class='ocrx_word' id='word_1_124' title='bbox 966 2954 1087 3037; x_wconf 92' lang='lat' dir='ltr'>colant,</span> <span class='ocrx_word' id='word_1_125' title='bbox 1124 2956 1302 3018; x_wconf 83' lang='lat' dir='ltr'>exerceant</span> 
     </span>
     <span class='ocr_line' id='line_1_18' title="bbox 77 3058 1302 3148; baseline -0.005 -19"><span class='ocrx_word' id='word_1_126' title='bbox 77 3065 190 3129; x_wconf 83' lang='lat' dir='ltr'>Aberit</span> <span class='ocrx_word' id='word_1_127' title='bbox 222 3063 324 3148; x_wconf 85' lang='lat' dir='ltr'>igitur</span> <span class='ocrx_word' id='word_1_128' title='bbox 354 3062 552 3148; x_wconf 81' lang='lat' dir='ltr'>panegyrica</span> <span class='ocrx_word' id='word_1_129' title='bbox 583 3062 727 3126; x_wconf 89' lang='lat' dir='ltr'>laudatio</span> <span class='ocrx_word' id='word_1_130' title='bbox 761 3062 877 3144; x_wconf 87' lang='lat' dir='ltr'>omnis,</span> <span class='ocrx_word' id='word_1_131' title='bbox 915 3081 953 3125; x_wconf 89' lang='lat' dir='ltr'>co</span> <span class='ocrx_word' id='word_1_132' title='bbox 985 3060 1090 3145; x_wconf 82' lang='lat' dir='ltr'>magis</span> <span class='ocrx_word' id='word_1_133' title='bbox 1123 3059 1209 3145; x_wconf 92' lang='lat' dir='ltr'>quod</span> <span class='ocrx_word' id='word_1_134' title='bbox 1240 3058 1302 3124; x_wconf 92' lang='lat' dir='ltr'>hoc</span> 
     </span>
     <span class='ocr_line' id='line_1_19' title="bbox 76 3164 1302 3256; baseline -0.005 -20"><span class='ocrx_word' id='word_1_135' title='bbox 76 3192 177 3256; x_wconf 80' lang='lat' dir='ltr'>genus</span> <span class='ocrx_word' id='word_1_136' title='bbox 207 3171 407 3253; x_wconf 85' lang='lat' dir='ltr'>universum,</span> <span class='ocrx_word' id='word_1_137' title='bbox 439 3170 558 3253; x_wconf 88' lang='lat' dir='ltr'>partim</span> <span class='ocrx_word' id='word_1_138' title='bbox 586 3191 605 3233; x_wconf 92' lang='lat' dir='ltr'>a</span> <span class='ocrx_word' id='word_1_139' title='bbox 632 3168 872 3252; x_wconf 87' lang='lat' dir='ltr'>laudatoribus,</span> <span class='ocrx_word' id='word_1_140' title='bbox 903 3168 1021 3251; x_wconf 92' lang='lat' dir='ltr'>partim</span> <span class='ocrx_word' id='word_1_141' title='bbox 1051 3167 1092 3232; x_wconf 90' lang='lat' dir='ltr'>ab</span> <span class='ocrx_word' id='word_1_142' title='bbox 1120 3166 1213 3251; x_wconf 92' lang='lat' dir='ltr'>ipsis,</span> <span class='ocrx_word' id='word_1_143' title='bbox 1247 3164 1302 3250; x_wconf 91' lang='lat' dir='ltr'>qui</span> 
     </span>
     <span class='ocr_line' id='line_1_20' title="bbox 77 3273 1302 3360; baseline -0.004 -19"><span class='ocrx_word' id='word_1_144' title='bbox 77 3277 306 3360; x_wconf 83' lang='lat' dir='ltr'>laudabantur,</span> <span class='ocrx_word' id='word_1_145' title='bbox 335 3277 437 3341; x_wconf 85' lang='lat' dir='ltr'>levem</span> <span class='ocrx_word' id='word_1_146' title='bbox 467 3275 608 3359; x_wconf 87' lang='lat' dir='ltr'>aliquam</span> <span class='ocrx_word' id='word_1_147' title='bbox 636 3276 737 3340; x_wconf 85' lang='lat' dir='ltr'>traxit</span> <span class='ocrx_word' id='word_1_148' title='bbox 763 3279 883 3340; x_wconf 88' lang='lat' dir='ltr'>notam.</span> <span class='ocrx_word' id='word_1_149' title='bbox 933 3273 1063 3339; x_wconf 81' lang='lat' dir='ltr'>Etenim</span> <span class='ocrx_word' id='word_1_150' title='bbox 1093 3295 1130 3338; x_wconf 85' lang='lat' dir='ltr'>ex</span> <span class='ocrx_word' id='word_1_151' title='bbox 1159 3294 1222 3358; x_wconf 93' lang='lat' dir='ltr'>quo</span> <span class='ocrx_word' id='word_1_152' title='bbox 1250 3293 1302 3336; x_wconf 89' lang='lat' dir='ltr'>res</span> 
     </span>
     <span class='ocr_line' id='line_1_21' title="bbox 77 3378 1301 3469; baseline -0.006 -20"><span class='ocrx_word' id='word_1_153' title='bbox 77 3385 205 3469; x_wconf 88' lang='lat' dir='ltr'>publica</span> <span class='ocrx_word' id='word_1_154' title='bbox 234 3383 481 3448; x_wconf 85' lang='lat' dir='ltr'>Atheniensium</span> <span class='ocrx_word' id='word_1_155' title='bbox 514 3383 638 3467; x_wconf 90' lang='lat' dir='ltr'>optimo</span> <span class='ocrx_word' id='word_1_156' title='bbox 667 3381 803 3447; x_wconf 86' lang='lat' dir='ltr'>consilio</span> <span class='ocrx_word' id='word_1_157' title='bbox 831 3381 986 3464; x_wconf 88' lang='lat' dir='ltr'>instituit,</span> <span class='ocrx_word' id='word_1_158' title='bbox 1015 3385 1051 3446; x_wconf 92' lang='lat' dir='ltr'>ut</span> <span class='ocrx_word' id='word_1_159' title='bbox 1079 3379 1207 3463; x_wconf 87' lang='lat' dir='ltr'>publice</span> <span class='ocrx_word' id='word_1_160' title='bbox 1234 3378 1301 3441; x_wconf 88' lang='lat' dir='ltr'>lau-</span> 
     </span>
     <span class='ocr_line' id='line_1_22' title="bbox 76 3485 1301 3575; baseline -0.007 -19"><span class='ocrx_word' id='word_1_161' title='bbox 76 3490 230 3556; x_wconf 88' lang='lat' dir='ltr'>darentur</span> <span class='ocrx_word' id='word_1_162' title='bbox 253 3491 347 3569; x_wconf 84' lang='lat' dir='ltr'>civcs,</span> <span class='ocrx_word' id='word_1_163' title='bbox 374 3490 524 3575; x_wconf 90' lang='lat' dir='ltr'>quicum</span> <span class='ocrx_word' id='word_1_164' title='bbox 548 3490 697 3555; x_wconf 88' lang='lat' dir='ltr'>hostibus</span> <span class='ocrx_word' id='word_1_165' title='bbox 721 3490 943 3574; x_wconf 84' lang='lat' dir='ltr'>depugnantes</span> <span class='ocrx_word' id='word_1_166' title='bbox 967 3487 1103 3570; x_wconf 85' lang='lat' dir='ltr'>fortiter,</span> <span class='ocrx_word' id='word_1_167' title='bbox 1126 3485 1301 3571; x_wconf 82' lang='lat' dir='ltr'>gloriosam</span> 
     </span>
     <span class='ocr_line' id='line_1_23' title="bbox 77 3593 1303 3682; baseline -0.007 -19"><span class='ocrx_word' id='word_1_168' title='bbox 77 3621 133 3682; x_wconf 88' lang='lat' dir='ltr'>pro</span> <span class='ocrx_word' id='word_1_169' title='bbox 170 3598 276 3682; x_wconf 89' lang='lat' dir='ltr'>patria</span> <span class='ocrx_word' id='word_1_170' title='bbox 312 3600 449 3662; x_wconf 89' lang='lat' dir='ltr'>mortem</span> <span class='ocrx_word' id='word_1_171' title='bbox 487 3593 728 3662; x_wconf 86' lang='lat' dir='ltr'>occubuissent:</span> <span class='ocrx_word' id='word_1_172' title='bbox 768 3596 915 3682; x_wconf 84' lang='lat' dir='ltr'>quamvis</span> <span class='ocrx_word' id='word_1_173' title='bbox 953 3596 1179 3679; x_wconf 84' lang='lat' dir='ltr'>argumentum</span> <span class='ocrx_word' id='word_1_174' title='bbox 1217 3594 1303 3655; x_wconf 89' lang='lat' dir='ltr'>esset</span> 
     </span>
     <span class='ocr_line' id='line_1_24' title="bbox 76 3696 1301 3789; baseline -0.007 -20"><span class='ocrx_word' id='word_1_175' title='bbox 76 3705 277 3788; x_wconf 87' lang='lat' dir='ltr'>praeclarum</span> <span class='ocrx_word' id='word_1_176' title='bbox 299 3702 579 3789; x_wconf 79' lang='lat' dir='ltr'>magnificumque,</span> <span class='ocrx_word' id='word_1_177' title='bbox 601 3706 712 3766; x_wconf 89' lang='lat' dir='ltr'>tamen</span> <span class='ocrx_word' id='word_1_178' title='bbox 735 3723 775 3766; x_wconf 92' lang='lat' dir='ltr'>ne</span> <span class='ocrx_word' id='word_1_179' title='bbox 794 3703 828 3766; x_wconf 93' lang='lat' dir='ltr'>in</span> <span class='ocrx_word' id='word_1_180' title='bbox 847 3702 909 3766; x_wconf 92' lang='lat' dir='ltr'>hoc</span> <span class='ocrx_word' id='word_1_181' title='bbox 927 3700 1056 3785; x_wconf 91' lang='lat' dir='ltr'>quidem</span> <span class='ocrx_word' id='word_1_182' title='bbox 1075 3696 1301 3783; x_wconf 89' lang='lat' dir='ltr'>pertractando</span> 
     </span>
     <span class='ocr_line' id='line_1_25' title="bbox 77 3803 1302 3895; baseline -0.007 -21"><span class='ocrx_word' id='word_1_183' title='bbox 77 3810 270 3875; x_wconf 85' lang='lat' dir='ltr'>adulationis</span> <span class='ocrx_word' id='word_1_184' title='bbox 299 3809 436 3893; x_wconf 90' lang='lat' dir='ltr'>speciem</span> <span class='ocrx_word' id='word_1_185' title='bbox 465 3809 605 3895; x_wconf 85' lang='lat' dir='ltr'>effugere</span> <span class='ocrx_word' id='word_1_186' title='bbox 633 3812 778 3873; x_wconf 86' lang='lat' dir='ltr'>oratores</span> <span class='ocrx_word' id='word_1_187' title='bbox 805 3807 922 3872; x_wconf 91' lang='lat' dir='ltr'>summi</span> <span class='ocrx_word' id='word_1_188' title='bbox 945 3810 1132 3890; x_wconf 88' lang='lat' dir='ltr'>potuerunt,</span> <span class='ocrx_word' id='word_1_189' title='bbox 1160 3803 1246 3889; x_wconf 91' lang='lat' dir='ltr'>quod</span> <span class='ocrx_word' id='word_1_190' title='bbox 1267 3803 1302 3866; x_wconf 92' lang='lat' dir='ltr'>in</span> 
     </span>
     <span class='ocr_line' id='line_1_26' title="bbox 78 3910 1302 4001; baseline -0.007 -20"><span class='ocrx_word' id='word_1_191' title='bbox 78 3916 187 3981; x_wconf 85' lang='lat' dir='ltr'>laudes</span> <span class='ocrx_word' id='word_1_192' title='bbox 211 3917 420 4001; x_wconf 85' lang='lat' dir='ltr'>superstitum</span> <span class='ocrx_word' id='word_1_193' title='bbox 445 3915 586 3999; x_wconf 81' lang='lat' dir='ltr'>evagari,</span> <span class='ocrx_word' id='word_1_194' title='bbox 612 3924 710 3999; x_wconf 83' lang='lat' dir='ltr'>quam</span> <span class='ocrx_word' id='word_1_195' title='bbox 734 3915 768 3978; x_wconf 93' lang='lat' dir='ltr'>in</span> <span class='ocrx_word' id='word_1_196' title='bbox 792 3914 1016 3978; x_wconf 90' lang='lat' dir='ltr'>defunctorum</span> <span class='ocrx_word' id='word_1_197' title='bbox 1041 3911 1217 3977; x_wconf 89' lang='lat' dir='ltr'>consistere</span> <span class='ocrx_word' id='word_1_198' title='bbox 1241 3910 1302 3973; x_wconf 90' lang='lat' dir='ltr'>vir-</span> 
     </span>
     <span class='ocr_line' id='line_1_27' title="bbox 78 4016 1302 4105; baseline -0.005 -19"><span class='ocrx_word' id='word_1_199' title='bbox 78 4024 200 4089; x_wconf 88' lang='lat' dir='ltr'>tutibus</span> <span class='ocrx_word' id='word_1_200' title='bbox 229 4022 419 4088; x_wconf 89' lang='lat' dir='ltr'>extollendis</span> <span class='ocrx_word' id='word_1_201' title='bbox 448 4021 641 4085; x_wconf 83' lang='lat' dir='ltr'>maluerunt</span> <span class='ocrx_word' id='word_1_202' title='bbox 687 4019 889 4105; x_wconf 73' lang='lat' dir='ltr'>Quamquam</span> <span class='ocrx_word' id='word_1_203' title='bbox 918 4020 1022 4084; x_wconf 92' lang='lat' dir='ltr'>minor</span> <span class='ocrx_word' id='word_1_204' title='bbox 1051 4019 1147 4101; x_wconf 91' lang='lat' dir='ltr'>culpa</span> <span class='ocrx_word' id='word_1_205' title='bbox 1175 4020 1245 4081; x_wconf 90' lang='lat' dir='ltr'>erat</span> <span class='ocrx_word' id='word_1_206' title='bbox 1268 4016 1302 4079; x_wconf 90' lang='lat' dir='ltr'>in</span> 
     </span>
     <span class='ocr_line' id='line_1_28' title="bbox 56 4123 1302 4211; baseline -0.007 -18"><span class='ocrx_word' id='word_1_207' title='bbox 56 4128 135 4195; x_wconf 88' lang='lat' dir='ltr'>-hac</span> <span class='ocrx_word' id='word_1_208' title='bbox 168 4132 314 4195; x_wconf 84' lang='lat' dir='ltr'>vivorum</span> <span class='ocrx_word' id='word_1_209' title='bbox 348 4129 515 4194; x_wconf 88' lang='lat' dir='ltr'>hominum</span> <span class='ocrx_word' id='word_1_210' title='bbox 548 4127 800 4211; x_wconf 88' lang='lat' dir='ltr'>praedicatione,</span> <span class='ocrx_word' id='word_1_211' title='bbox 833 4127 918 4211; x_wconf 89' lang='lat' dir='ltr'>quod</span> <span class='ocrx_word' id='word_1_212' title='bbox 947 4148 1012 4190; x_wconf 91' lang='lat' dir='ltr'>non</span> <span class='ocrx_word' id='word_1_213' title='bbox 1041 4147 1123 4188; x_wconf 92' lang='lat' dir='ltr'>unus</span> <span class='ocrx_word' id='word_1_214' title='bbox 1151 4128 1184 4187; x_wconf 90' lang='lat' dir='ltr'>et</span> <span class='ocrx_word' id='word_1_215' title='bbox 1211 4123 1302 4203; x_wconf 90' lang='lat' dir='ltr'>alter,</span> 
     </span>
     <span class='ocr_line' id='line_1_29' title="bbox 79 4229 1301 4301; baseline -0.008 0"><span class='ocrx_word' id='word_1_216' title='bbox 79 4236 131 4300; x_wconf 85' lang='lat' dir='ltr'>sed</span> <span class='ocrx_word' id='word_1_217' title='bbox 163 4237 315 4301; x_wconf 86' lang='lat' dir='ltr'>universa</span> <span class='ocrx_word' id='word_1_218' title='bbox 344 4233 528 4299; x_wconf 85' lang='lat' dir='ltr'>laudaretur</span> <span class='ocrx_word' id='word_1_219' title='bbox 559 4233 687 4298; x_wconf 87' lang='lat' dir='ltr'>civitas:</span> <span class='ocrx_word' id='word_1_220' title='bbox 729 4255 839 4297; x_wconf 86' lang='lat' dir='ltr'>verum</span> <span class='ocrx_word' id='word_1_221' title='bbox 872 4233 1033 4297; x_wconf 89' lang='lat' dir='ltr'>translato</span> <span class='ocrx_word' id='word_1_222' title='bbox 1067 4254 1086 4295; x_wconf 89' lang='lat' dir='ltr'>a</span> <span class='ocrx_word' id='word_1_223' title='bbox 1118 4231 1228 4295; x_wconf 87' lang='lat' dir='ltr'>multis</span> <span class='ocrx_word' id='word_1_224' title='bbox 1262 4229 1301 4292; x_wconf 89' lang='lat' dir='ltr'>ad</span> 
     </span>
     <span class='ocr_line' id='line_1_30' title="bbox 80 4335 1301 4427; baseline -0.007 -22"><span class='ocrx_word' id='word_1_225' title='bbox 80 4365 176 4407; x_wconf 90' lang='lat' dir='ltr'>unum</span> <span class='ocrx_word' id='word_1_226' title='bbox 199 4342 352 4427; x_wconf 91' lang='lat' dir='ltr'>imperi0,</span> <span class='ocrx_word' id='word_1_227' title='bbox 378 4341 419 4405; x_wconf 90' lang='lat' dir='ltr'>ad</span> <span class='ocrx_word' id='word_1_228' title='bbox 441 4342 537 4405; x_wconf 83' lang='lat' dir='ltr'>vilem</span> <span class='ocrx_word' id='word_1_229' title='bbox 561 4340 815 4425; x_wconf 88' lang='lat' dir='ltr'>illiberalemque</span> <span class='ocrx_word' id='word_1_230' title='bbox 840 4341 1092 4405; x_wconf 87' lang='lat' dir='ltr'>assentationem</span> <span class='ocrx_word' id='word_1_231' title='bbox 1116 4336 1212 4402; x_wconf 87' lang='lat' dir='ltr'>rediit</span> <span class='ocrx_word' id='word_1_232' title='bbox 1234 4335 1301 4398; x_wconf 89' lang='lat' dir='ltr'>lau·</span> 
     </span>
    </p>
   </div>
   <div class='ocr_carea' id='block_1_4' title="bbox 80 4440 1301 4604">
    <p class='ocr_par' dir='ltr' id='par_1_4' title="bbox 80 4440 1301 4604">
     <span class='ocr_line' id='line_1_31' title="bbox 80 4440 1301 4530; baseline -0.008 -18"><span class='ocrx_word' id='word_1_233' title='bbox 80 4448 164 4515; x_wconf 86' lang='lat' dir='ltr'>datio</span> <span class='ocrx_word' id='word_1_234' title='bbox 200 4473 221 4514; x_wconf 90' lang='lat' dir='ltr'>a</span> <span class='ocrx_word' id='word_1_235' title='bbox 258 4448 460 4514; x_wconf 90' lang='lat' dir='ltr'>nobilissimo</span> <span class='ocrx_word' id='word_1_236' title='bbox 500 4447 644 4530; x_wconf 80' lang='lat' dir='ltr'>proiecta</span> <span class='ocrx_word' id='word_1_237' title='bbox 682 4445 784 4510; x_wconf 89' lang='lat' dir='ltr'>initio.</span> <span class='ocrx_word' id='word_1_238' title='bbox 839 4444 923 4510; x_wconf 89' lang='lat' dir='ltr'>Nam</span> <span class='ocrx_word' id='word_1_239' title='bbox 956 4450 993 4510; x_wconf 93' lang='lat' dir='ltr'>ut</span> <span class='ocrx_word' id='word_1_240' title='bbox 1025 4446 1172 4510; x_wconf 89' lang='lat' dir='ltr'>omittam</span> <span class='ocrx_word' id='word_1_241' title='bbox 1205 4440 1301 4505; x_wconf 88' lang='lat' dir='ltr'>Grae·</span> 
     </span>
     <span class='ocr_line' id='line_1_32' title="bbox 129 4553 1086 4604; baseline -0.005 0"><span class='ocrx_word' id='word_1_242' title='bbox 129 4562 239 4604; x_wconf 66' lang='lat' dir='ltr'>nouom</span> <span class='ocrx_word' id='word_1_243' title='bbox 254 4561 328 4603; x_wconf 68' lang='lat' dir='ltr'>Orata</span> <span class='ocrx_word' id='word_1_244' title='bbox 1074 4553 1086 4599; x_wconf 92' lang='lat' dir='ltr'>l</span> 
     </span>
    </p>
   </div>
   <div class='ocr_carea' id='block_1_5' title="bbox 0 0 1392 4868">
    <p class='ocr_par' dir='ltr' id='par_1_5' title="bbox 0 0 1392 4868">
     <span class='ocr_line' id='line_1_33' title="bbox 0 0 1392 4868; baseline 0 0"><span class='ocrx_word' id='word_1_245' title='bbox 0 0 1392 4868; x_wconf 95' lang='lat' dir='ltr'> </span> 
     </span>
    </p>
   </div>
  </div>
 </body>
</html>
