2760 4868
676 647 762 732 Vll.

165 815 293 887 Oratio
321 815 509 887 nataliciis
537 815 716 888 Friderici
744 816 920 889 Guilelmi
947 817 1010 888 lll.
1039 817 1269 890 celebrandis

336 939 368 1013 d.
396 961 444 1016 nr.
473 965 521 1013 m.
550 943 642 1036 Aug.
672 964 702 1013 a.
733 960 929 1015 nncccxnr.
962 941 1098 1015 habita.

636 1136 796 1143 ——-.—...-.

195 1278 234 1342 In
262 1276 471 1342 sollemnibus
499 1275 551 1339 his
580 1276 806 1360 sanctissimis,
833 1275 988 1343 Friderici
1012 1276 1179 1363 Guilelmi,
1206 1279 1329 1345 littera·

104 1407 176 1449 rum
205 1385 336 1449 statoris
364 1383 489 1449 nomini
517 1382 685 1467 dedicatis,
718 1384 756 1448 de
785 1407 847 1469 quo
877 1405 938 1469 ego
969 1385 1087 1469 dicam,
1118 1386 1202 1451 nihil
1235 1386 1332 1451 simul

104 1500 137 1556 et
164 1492 239 1556 huic
263 1493 326 1556 diei
349 1514 502 1576 meaeque
526 1513 564 1555 ac
587 1495 712 1556 vestrae
740 1512 898 1574 personae
922 1493 955 1554 et
982 1491 1033 1556 his
1056 1493 1257 1576 temporibus
1280 1516 1331 1561 ac-

103 1598 338 1664 commodatius
367 1599 513 1680 offertur,
542 1598 716 1680 auditores,
747 1619 841 1681 quam
871 1619 911 1661 ex
938 1598 1018 1682 ipsis
1046 1599 1164 1663 litteris
1192 1601 1329 1684 petitum

104 1710 329 1791 argumentum
363 1705 592 1789 qualecunque.
647 1703 733 1767 Dum
765 1705 865 1787 enim,
903 1706 980 1788 quid
1012 1706 1092 1771 mihi
1126 1707 1330 1790 potissimum

104 1812 316 1877 enarrandum
340 1813 396 1894 sit,
419 1810 657 1894 circumspicio,
680 1811 853 1893 plurimam
876 1812 1017 1895 gratiam
1040 1816 1074 1877 et
1095 1813 1330 1879 iucunditatem

103 1921 283 1985 orationem
311 1923 455 1984 nostram
483 1918 668 1981 habituram
697 1918 858 2002 intelligo,
887 1918 942 1983 ubi
970 1919 1009 1984 de
1037 1920 1167 1984 civitate
1195 1920 1329 1986 dixerim

102 2027 263 2111 Principis
287 2026 505 2111 potentissimi
529 2026 613 2090 curis
636 2028 669 2088 et
692 2026 959 2109 occupationibus
984 2047 1021 2091 ex
1040 2027 1161 2092 afflicto
1185 2031 1274 2092 statu
1297 2028 1330 2091 in

102 2135 189 2199 hunc
212 2135 406 2199 mediocrem
434 2133 599 2197 felicitatis
623 2133 733 2196 florem
759 2132 909 2217 adducta,
938 2133 1032 2197 etde
1057 2134 1097 2197 iis
1122 2134 1260 2198 maxime
1283 2155 1330 2198 re·

103 2241 177 2324 bus,
209 2263 289 2324 quae
322 2240 383 2305 hoc
416 2261 501 2303 anno
533 2239 659 2323 publice
693 2240 759 2303 sint
791 2241 902 2325 gestae
932 2243 964 2304 et
991 2240 1175 2324 institutae3
1208 2242 1259 2306 sin
1292 2240 1330 2305 de

103 2348 284 2415 academiae
313 2353 444 2413 nostrae
471 2349 611 2429 ratione,
642 2347 746 2430 qualis
774 2346 930 2430 proximis
958 2346 1009 2411 his
1037 2347 1237 2432 temporibus
1264 2346 1330 2411 fuc-

102 2455 160 2538 rit,
189 2456 405 2539 exposuerim,
432 2455 507 2519 huic
534 2454 663 2519 scholae
690 2453 1049 2519 honorificentissimam
1078 2454 1330 2538 disputationem

102 2563 172 2627 fore
202 2561 307 2626 video:
341 2562 396 2625 sed
430 2584 511 2645 quae
546 2561 720 2645 quotannis
750 2582 905 2644 prospera
933 2561 983 2624 vel
1012 2561 1146 2626 adversa
1174 2562 1330 2626 universi·

103 2670 164 2734 tati
188 2669 377 2752 acciderint,
407 2691 445 2732 ea
467 2668 598 2733 Rectori
624 2669 658 2731 in
682 2667 823 2731 muneris
852 2667 1054 2734 abdicatione
1077 2669 1177 2732 verba
1197 2668 1331 2734 facienti

104 2777 314 2862 relinquenda
346 2781 434 2861 sunt3
472 2799 539 2840 rern
573 2775 736 2860 publicam
768 2796 843 2838 vero
882 2775 942 2838 etsi
975 2797 1039 2840 non
1071 2797 1158 2839 nunc
1189 2775 1331 2858 primum

104 2884 225 2966 (levito,
253 2889 363 2947 tamen
392 2905 433 2947 ne
461 2883 500 2947 de
528 2905 566 2946 ea
593 2903 702 2967 agam,
729 2880 920 2965 flagrantior
947 2882 980 2944 in
1004 2881 1072 2945 dies
1098 2881 1221 2946 invidia
1243 2904 1330 2947 nunc

104 2990 201 3054 etiam
230 2991 334 3054 acrius
359 3013 454 3074 quam
479 2994 575 3053 antea
600 2989 797 3053 dehortatur.
842 2986 955 3072 Itaque
979 2989 1087 3053 missis
1110 2968 1213 3052 rebus·
1230 2990 1329 3054 maxi-

103 3098 177 3180 mis,
211 3119 291 3180 quae
319 3119 379 3160 nos
407 3098 441 3161 in
469 3098 617 3181 publicae
646 3096 731 3159 vitae
765 3117 895 3177 campos
930 3096 1074 3179 eliciant,
1107 3098 1139 3159 et
1171 3094 1330 3179 ademptis

103 3204 215 3287 procul
244 3203 489 3286 splendentibus
516 3205 706 3283 luminibus,
735 3202 852 3287 quibus
882 3202 1079 3287 distinguere
1108 3205 1140 3265 et
1165 3202 1330 3267 illustrare

103 3310 201 3373 verba
225 3310 341 3393 possis,
364 3315 492 3374 tenuem
517 3310 652 3374 audietis
677 3308 942 3393 disputationem,
967 3331 1024 3373 nec
1049 3310 1129 3373 satis
1153 3309 1330 3374 oratoriam

102 3416 142 3480 ad
172 3416 378 3499 audiendum,
412 3420 444 3480 et
472 3417 556 3499 quod
588 3416 640 3480 hic
668 3417 758 3481 locus
787 3415 989 3479 subtiliorem
1016 3415 1196 3482 doctrinam
1225 3418 1331 3481 exclu-

102 3523 162 3606 dit,
195 3521 236 3585 ad
269 3522 438 3607 legendum
471 3525 580 3605 paullo
613 3525 718 3587 minus
752 3526 947 3586 accuratam.
999 3522 1152 3587 Dicturus
1186 3545 1257 3587 sum
1291 3525 1330 3588 de

101 3629 231 3694 homine
259 3629 298 3692 ad
326 3629 562 3724 humanitatem
590 3632 767 3714 perlectam
791 3628 1038 3710 conformando,
1065 3629 1112 3691 ita
1140 3630 1269 3713 quidem
1294 3635 1331 3695 ut

101 3737 197 3800 rebus
225 3737 451 3819 praesentibus
481 3736 615 3801 subinde
642 3737 764 3802 relictis
793 3737 833 3801 ad
861 3736 1068 3800 remotiorem
1101 3736 1328 3820 antiquitatem

101 3843 301 3927 confugiam:
334 3843 368 3906 in
396 3866 458 3927 quo
488 3844 516 3906 si
544 3868 563 3907 a
591 3845 689 3931 Regis
718 3845 868 3910 laudibus
896 3843 1025 3927 longius
1054 3842 1269 3926 discesserim,
1297 3845 1330 3908 id

101 3949 181 4013 mihi
207 3950 324 4014 solatio
348 3972 419 4015 esse
443 3951 647 4035 aliquatenus
670 3955 791 4035 potest,
815 3951 899 4035 quod
923 3973 989 4014 non
1014 3949 1118 4032 mod0,
1142 3971 1240 4032 quum
1265 3952 1329 4016 sin·

102 4057 186 4141 gulis
216 4057 309 4121 annis
337 4058 372 4122 in
396 4058 506 4121 eadem
536 4058 614 4123 mihi
640 4059 778 4123 materia
800 4057 992 4121 versandum
1016 4057 1071 4138 sit,
1100 4057 1256 4122 varietate
1281 4081 1330 4123 ar·

101 4163 248 4248 gumenti
284 4165 532 4229 incommoditas
570 4169 811 4249 compensatur,
847 4186 957 4228 verum
996 4164 1093 4226 etiam
1130 4185 1194 4246 res,
1232 4185 1328 4248 quam

100 4274 296 4335 tractaturus
321 4294 404 4353 sum,
433 4272 625 4356 dignissima
648 4274 780 4336 omnino
805 4272 904 4336 videri
929 4270 1035 4352 debet,
1066 4291 1147 4352 quae
1171 4270 1206 4334 in
1229 4270 1330 4357 Regis

52 4411 56 4420 ·
100 4377 277 4441 humanum
303 4379 418 4442 civium
444 4401 575 4444 suorum
600 4381 721 4444 cultum
746 4384 778 4442 et
801 4378 1013 4442 cruditionem
1037 4378 1152 4441 eximie
1177 4378 1328 4442 adiuvan-

98 4485 140 4548 tis
163 4485 265 4548 natali
290 4486 372 4550 festo
397 4486 625 4552 consideretur.
