2760 4868
583 183 714 246 ..39
762 219 802 229 --

80 364 205 408 omnem
234 348 270 407 et
298 342 408 424 paullo
437 342 667 407 abstrusiorem
695 348 830 407 naturae
859 363 913 406 seu
944 341 1072 406 divinae
1100 344 1167 409 sive
1195 345 1305 409 huma-

79 473 137 516 nae
164 449 414 535 indagationem
440 470 507 512 non
531 450 635 513 solum
659 471 776 514 vanam
805 452 951 532 censent,
979 472 1091 515 verum
1114 451 1212 516 etiarn
1235 452 1305 516 red-

81 557 152 622 dere
174 561 363 641 suspectam
387 560 553 620 conantur.
598 554 688 632 Quae
711 578 809 641 quum
832 555 878 619 ita
901 555 979 640 sint,
1008 556 1088 621 satis
1110 562 1202 642 patet
1217 580 1305 643 quae

82 686 150 729 mea
173 664 337 728 sententia
359 663 575 727 institutionis
595 664 795 728 academicae
819 684 889 726 esse
913 663 1028 727 debeat
1049 664 1143 728 ratio.
1174 664 1314 740 Etenim¹

82 772 220 856 genuina
252 770 359 834 omnis
391 770 518 834 cultura
550 770 649 834 animi
682 770 723 834 ab
755 769 921 835 auditione
957 768 1226 853 philosophorum
1257 771 1304 834 in·

82 878 227 943 choanda
250 882 311 961 est,
334 878 390 961 qui
413 876 500 940 viam
523 877 788 961 philosophandi,
812 875 994 942 doctrinam
1017 877 1172 941 moralem
1196 880 1228 941 et
1249 900 1305 942 na·

80 985 231 1066 tomlem,
261 985 474 1067 mathemata,
507 983 633 1048 litteras
661 983 874 1048 humanitatis
902 986 935 1047 et
960 983 1131 1048 historiam
1159 984 1306 1048 tradunt:

81 1093 197 1177 quibus
225 1091 405 1156 tractandis
436 1095 561 1155 mentes
590 1091 741 1154 iuvenum
773 1094 842 1154 tum
873 1090 914 1154 ab
947 1080 1099 1154 illiberali
1127 1091 1305 1156 studiorum

81 1199 292 1263 ineundorum
320 1219 424 1281 more,
451 1219 545 1283 quem
572 1197 659 1262 haud
686 1198 781 1280 pauci
810 1200 988 1280 sectantur,
1020 1197 1222 1261 abducuntur
1250 1219 1304 1281 op-

80 1307 165 1389 time,
187 1310 259 1370 tum
283 1306 323 1369 iis
343 1306 530 1370 imbuuntur
552 1304 747 1387 notionibus,
770 1303 885 1388 quibus
907 1307 1013 1368 cetera
1037 1303 1146 1367 omnia
1169 1303 1305 1368 fundan-

81 1420 133 1477 tur
164 1435 204 1476 ac
236 1413 451 1477 continentur.
506 1412 629 1476 Deinde
663 1410 837 1494 disciplina
872 1410 964 1474 nulla
995 1410 1043 1474 ita
1075 1413 1132 1474 aut
1162 1410 1306 1476 docenda

80 1525 135 1583 aut
157 1518 315 1584 discenda
343 1523 404 1600 est,
435 1523 472 1583 ut
499 1519 667 1583 materiam
690 1517 802 1582 rudem
826 1521 859 1582 et
881 1517 1088 1602 indigestam,
1120 1539 1223 1601 neque
1256 1541 1305 1584 or·

81 1627 154 1690 dine
179 1627 327 1712 legitimo
352 1626 542 1711 dispositam
565 1647 626 1690 nec
649 1624 823 1689 luminibus
845 1624 1078 1689 sententiarum
1101 1625 1306 1710 illustratam,

79 1755 136 1798 nec
166 1734 348 1818 praeceptis
378 1754 416 1797 ex
444 1754 510 1797 uno
538 1732 628 1797 fonte
660 1732 808 1816 repetitis
841 1731 988 1815 discipuli
1016 1753 1036 1794 a
1063 1731 1194 1796 doctore
1225 1734 1305 1797 acci-

79 1842 172 1925 piant
203 1847 237 1904 et
270 1840 444 1905 memoriae
477 1839 645 1903 mandent:
677 1861 781 1923 neque
812 1839 847 1903 in
875 1838 970 1902 rebus
1002 1839 1224 1904 communibus
1255 1861 1304 1906 ac·

78 1947 323 2033 quiescendum,
352 1968 431 2031 quas
453 1947 544 2011 nulla
567 1950 624 2011 aut
646 1946 807 2010 levissima
832 1946 1037 2010 contentione
1061 1947 1159 2010 animi
1182 1948 1305 2032 perspi·

77 2056 155 2139 cias,
175 2054 232 2119 sed
252 2053 472 2118 accendendae
490 2058 523 2118 et
537 2053 730 2117 exercendae
749 2056 872 2117 mentes
892 2057 976 2135 sunt,
995 2057 1031 2116 ut
1045 2053 1304 2119 ardentissimam

76 2161 235 2226 scientiae
264 2161 352 2224 sitim
380 2161 508 2244 explere
536 2160 701 2244 cupientes
728 2160 763 2223 in
789 2160 1007 2244 cognitionem
1035 2161 1227 2243 profundam
1251 2183 1304 2245 pe-

76 2270 166 2333 nitus
190 2290 225 2332 se
248 2268 460 2354 ingurgitent,
483 2288 557 2331 mox
580 2267 700 2332 nullius
720 2271 794 2331 ante
816 2267 884 2331 solo
903 2268 982 2331 trita
1005 2267 1186 2332 litterarum
1206 2268 1306 2352 adyta

77 2375 230 2439 accedere
257 2379 291 2439 et
323 2396 435 2458 sapere
462 2374 552 2439 nullo
582 2373 662 2437 duce
689 2373 836 2439 audeant
886 2373 1058 2439 Praeterea
1086 2375 1238 2459 quoniam
1267 2395 1305 2439 ea

77 2480 267 2546 hominibus
294 2487 412 2547 natura
438 2481 538 2545 insita
565 2484 628 2564 est,
661 2484 697 2544 ut
723 2481 855 2566 ingenio
883 2481 1021 2545 libenter
1051 2482 1240 2564 abutantur,
1273 2484 1306 2545 et

76 2588 259 2653 doctrinam
282 2589 386 2674 ipsam
411 2588 444 2652 in
467 2591 635 2673 quaestum
658 2591 791 2671 vertere,
814 2609 872 2671 pro
894 2589 1030 2672 privatis
1054 2586 1230 2653 commodis
1253 2587 1304 2651 rel

75 2695 112 2759 in
139 2696 281 2780 gratiam
308 2700 480 2779 potentum
509 2699 660 2780 torquere
692 2695 869 2759 sententias
903 2700 936 2759 εὴ
966 2695 1029 2760 huc
1062 2695 1137 2759 illuc
1168 2715 1306 2778 versare,

76 2806 243 2886 postremo
271 2802 450 2867 ambitione
477 2824 578 2886 prava
606 2802 796 2866 deteriorem
823 2801 984 2866 rationem
1011 2800 1175 2864 meliorem
1199 2801 1305 2865 facere

78 2914 202 2973 ament:
229 2908 354 2974 doctori
376 2909 529 2994 religioso
552 2910 635 2974 nihil
661 2909 752 2993 prius
775 2906 1034 2992 prospiciendum
1059 2911 1121 2990 est,
1149 2929 1245 2991 quam
1268 2912 1305 2972 ut

78 3016 226 3100 exemplo
250 3020 283 3080 et
306 3016 456 3100 alloquiis
480 3039 609 3081 sensum
629 3016 697 3081 veri
720 3020 753 3079 et
775 3014 853 3079 honi
871 3014 906 3077 in
928 3013 1188 3078 tenerisranimis
1212 3018 1306 3079 acuat

79 3124 338 3207 corroboretque,
361 3144 479 3208 eosque
503 3147 523 3190 a
546 3123 761 3205 simulatione,
785 3121 982 3206 arrogantia,
1008 3120 1192 3205 cupiditate,
1215 3120 1304 3186 lucro

79 3230 192 3312 procul
214 3233 350 3295 avertat
397 3228 459 3295 Sed
488 3231 552 3294 iam
577 3253 614 3295 eo
643 3252 693 3294 mc
718 3230 860 3293 delatum
884 3228 989 3312 video,
1016 3228 1190 3311 auditores,
1219 3228 1304 3313 quod

79 3337 224 3401 devitare
252 3337 392 3402 maxime
425 3337 608 3421 studebam,
641 3338 696 3422 qui
727 3335 894 3400 inciderim
924 3336 958 3399 in
985 3340 1211 3421 argumentum
1237 3338 1305 3400 tam

79 3445 236 3527 amplum,
264 3448 333 3508 tam
362 3443 542 3528 copiosum,
570 3443 655 3528 quod
680 3444 707 3508 si
730 3441 879 3526 persequi
905 3442 967 3506 rite
989 3442 1118 3526 vellem,
1147 3445 1181 3506 et
1202 3442 1305 3507 multa

80 3551 159 3614 mihi
183 3551 319 3615 dicenda
341 3551 462 3634 forent,
486 3572 567 3636 quae
591 3551 697 3633 vohis,
722 3549 984 3633 praeceptoribus
1007 3549 1305 3633 praestantissimis,

80 3659 221 3722 contrita
244 3661 277 3721 et
299 3658 446 3723 obsoleta
470 3661 586 3741 essent,
610 3661 642 3722 et
665 3657 693 3722 si
716 3657 854 3740 plurima
873 3659 906 3719 et
928 3655 1121 3740 gravissima
1143 3656 1305 3740 dixissem,

79 3771 189 3829 tamen
211 3785 272 3829 nec
295 3765 448 3848 pauciora
469 3787 529 3829 nec
552 3764 679 3829 minora
701 3763 826 3828 viderer
849 3762 1004 3827 omisisse.
1044 3762 1149 3848 Igitur
1172 3785 1213 3827 ne
1237 3784 1305 3828 sco·

79 3874 156 3956 pulo
184 3873 260 3936 huic
288 3872 463 3956 impingar,
493 3894 608 3936 revoco
637 3893 688 3935 me
716 3894 735 3935 a
763 3891 857 3934 cursu
886 3873 919 3934 et
947 3870 1017 3934 vela
1044 3868 1210 3935 contraho.
1260 3869 1306 3933 At

79 3981 165 4044 dicet
192 3979 322 4063 aliquis:
355 3983 391 4043 tu
420 3979 547 4063 quidem
581 3980 707 4043 litteras
735 3978 776 4042 ab
805 3977 893 4041 omni
919 3977 1003 4041 vitae
1032 3998 1069 4041 ac
1096 3977 1304 4061 negotiorum

79 4086 306 4151 communione
334 4108 430 4169 quam
459 4086 645 4171 longissime
676 4106 807 4149 revocas
835 4089 931 4169 atque
960 4084 994 4147 in
1022 4084 1122 4147 otium
1151 4083 1304 4168 ignavum

79 4195 217 4279 relegas:
249 4198 285 4257 ut
308 4194 420 4274 bonas,
441 4197 480 4256 ut
501 4193 632 4257 decoras
655 4192 876 4276 proposueris,
907 4192 953 4254 ita
976 4190 1150 4254 utilitatem
1174 4189 1306 4272 nullam,

80 4301 268 4384 praesertim
296 4301 459 4383 publicam
492 4303 741 4364 commonstres:
774 4299 835 4362 hoc
864 4300 949 4362 certe
982 4297 1053 4360 loco
1081 4300 1114 4359 et
1145 4295 1207 4360 hoc
1234 4296 1305 4379 ipso

79 4408 129 4471 die
153 4428 213 4472 nec
236 4410 330 4471 caute
354 4407 433 4471 satis
457 4410 489 4469 et
511 4428 625 4489 parum
650 4406 899 4472 accommodate.
940 4402 1012 4487 Ego
1036 4424 1110 4467 vero
1134 4424 1174 4466 ne
1200 4402 1304 4465 dulce-

79 4515 185 4579 dinem
208 4513 373 4578 Musarum
397 4513 585 4596 edisseram,
615 4537 714 4605 quam
743 4513 891 4584 sexcenti
916 4512 1140 4584 decantarunt
1159 4515 1197 4577 et
1214 4508 1327 4575 abhuc
