2760 4868
609 203 801 266 ..ss-

92 369 227 450 quaestu
256 365 418 429 abstinere
445 365 534 429 omni
562 364 735 429 debebant:
769 362 936 448 Spartanis
965 385 1040 428 vero
1069 365 1250 429 mercatura
1286 387 1323 430 eo

93 473 197 558 magis
225 471 439 557 improbanda
467 475 549 555 erat,
582 471 666 556 quod
695 474 728 535 et
755 469 916 535 funestam
944 472 1107 537 veteribus
1138 471 1324 536 civitatibus

94 580 185 646 illam
213 601 311 663 opum
337 579 603 664 inaequalitatem
636 584 826 663 turpemque
858 578 937 643 lucri
970 579 1152 664 cupidinem
1186 579 1325 664 afferret,

93 693 126 754 et
149 709 199 752 res
222 686 400 771 permultas
424 685 616 769 importaret
640 685 680 749 ad
702 686 841 749 aetatem
870 685 1029 771 agendam
1056 687 1189 751 minime
1217 708 1325 751 neces·

94 795 210 872 sarias,
244 814 302 857 nec
336 792 440 857 solum
473 792 546 875 has,
585 791 640 857 sed
673 792 771 857 etiam
805 796 892 857 artes
925 814 1094 878 moresque
1127 793 1325 878 peregrinos,
1366 779 1370 787 ’

93 923 173 986 quos
196 923 237 965 ne
260 900 437 985 probarent
461 921 617 985 unquam,
645 904 776 964 cautum
800 898 954 964 volebant
976 900 1018 965 iis
1041 900 1180 985 legibus,
1209 900 1326 984 quibus

93 1008 253 1095 indigenis
285 1006 538 1071 interdicebatur
570 1027 702 1092 peregre
735 1006 894 1090 proficisci
927 1010 1002 1071 ante
1041 1010 1255 1090 senectutem,
1293 1009 1326 1070 et

93 1113 273 1200 peregrinis
292 1113 326 1176 in
346 1112 424 1177 urbe
444 1114 638 1178 commorari
662 1113 751 1177 nulla
774 1113 890 1178 idonea
914 1135 1020 1178 causa.
1066 1112 1129 1178 Sed
1153 1113 1232 1177 illud
1255 1114 1326 1179 iure

95 1222 219 1305 mirere,
243 1220 327 1305 quod
351 1221 422 1304 agri
446 1220 571 1287 colendi
596 1219 702 1286 studia
726 1242 791 1284 non
815 1222 977 1285 tenuerint
999 1221 1148 1286 homines
1172 1220 1327 1285 robustos

96 1333 130 1392 et
157 1328 303 1393 laborum
331 1327 601 1411 patientissimos:
628 1328 661 1391 in
691 1348 754 1412 quo
783 1327 1010 1393 dissentientes
1038 1348 1236 1412 magnopere
1263 1326 1327 1391 lto·

94 1456 208 1500 manos
243 1456 343 1519 aeque
376 1433 547 1500 bellicosos
575 1434 754 1518 habebant,
787 1435 855 1519 qui,
888 1434 1040 1520 quamdiu
1069 1438 1161 1498 vetus
1189 1433 1328 1498 florebat

94 1541 280 1625 disciplina,
308 1541 403 1605 rebus
432 1541 614 1626 agrestibus
642 1545 710 1605 tam
738 1541 984 1606 delectabantur
1009 1541 1155 1623 mirifice,
1183 1539 1264 1604 nihil
1289 1546 1327 1606 ut
1362 1622 1365 1627 1

94 1649 133 1714 iis
166 1649 233 1713 vita
264 1649 385 1712 rustica
416 1648 583 1713 honestius
619 1649 792 1731 rideretur3
826 1652 863 1712 ut
892 1649 926 1713 in
953 1647 1014 1712 hac
1041 1646 1189 1731 occupati
1217 1652 1328 1712 essent

95 1754 282 1838 Senatores,
311 1755 397 1838 iique
422 1776 528 1838 senes,
558 1758 595 1819 ut
618 1755 703 1839 apud
727 1753 911 1819 Ciceronem
936 1751 978 1817 Μ.
1002 1751 1120 1819 Catoni
1143 1754 1327 1855 voluptates

96 1861 327 1946 agricolarum,
354 1861 438 1925 inter
461 1884 542 1946 quos
567 1861 757 1926 versabatur
779 1861 862 1945 ipse,
888 1861 928 1925 ad
952 1860 1107 1944 sapientis
1128 1861 1229 1925 vitam
1254 1884 1327 1945 pro-

95 1968 179 2032 xime
207 1968 391 2032 viderentur
418 1968 582 2051 accedere,
609 1989 676 2032 non
699 1966 795 2032 modo
819 1967 861 2030 ob
884 1967 1038 2050 fructum,
1067 1968 1123 2051 qui
1146 1967 1219 2032 inde
1242 1968 1327 2032 redi-

95 2079 157 2160 ret,
190 2075 246 2140 sed
279 2074 320 2139 ob
353 2079 459 2139 terrae
490 2075 593 2159 ipsius
626 2076 691 2141 vim
725 2095 762 2138 ac
794 2077 945 2138 naturam
978 2073 1208 2138 admirabilem.
1265 2072 1329 2139 Sed

97 2181 173 2267 quid
202 2182 356 2247 immoror
383 2181 433 2246 his
463 2182 572 2266 rebus,
600 2204 682 2266 quae
708 2180 841 2246 delibari
865 2179 926 2244 hoc
950 2181 1022 2246 loco
1046 2185 1080 2245 et
1103 2181 1234 2264 attingi,
1262 2203 1329 2246 non

95 2289 196 2373 pandi
220 2292 252 2353 et
275 2288 426 2372 explicari
451 2289 579 2371 debent,
602 2309 706 2374 neque
730 2288 817 2352 ocius
841 2290 976 2370 penetro
996 2287 1096 2370 adid,
1120 2287 1210 2352 cuius
1229 2309 1331 2352 causa

95 2397 176 2461 haec
209 2418 228 2459 a
260 2416 310 2458 me
344 2399 493 2479 suscepta
527 2394 623 2459 suut?
676 2393 759 2459 Nam
791 2393 909 2457 artium
937 2394 1180 2479 peregrinarum
1210 2394 1331 2459 iniecta

97 2503 218 2567 mentio
252 2501 420 2566 admonuit
450 2523 501 2565 me
534 2501 572 2566 de
601 2499 834 2585 Spartanorum
869 2501 1047 2565 eruditione
1083 2500 1199 2584 dicere,
1232 2501 1329 2567 modo

96 2610 180 2675 hanc
209 2609 289 2674 mihi
317 2608 444 2681 veniam
473 2610 570 2691 detis,
604 2613 641 2673 ut
669 2608 859 2673 eruditionis
888 2609 984 2673 verbo
1013 2629 1207 2691 nuncupem,
1240 2610 1330 2694 quid·

97 2717 174 2802 quid
197 2715 417 2781 Lacedaemon
445 2715 520 2780 huic
549 2717 654 2780 simile
684 2720 741 2780 aut
769 2716 906 2799 protulit
931 2720 987 2780 aut
1009 2715 1169 2781 toleravit.
1214 2715 1331 2801 Itaque

98 2846 197 2909 quum
225 2823 394 2909 legislator
424 2822 543 2887 civium
572 2823 691 2886 victum
721 2822 818 2886 vellet
847 2822 1121 2905 simplicissimum
1145 2844 1230 2907 esse,
1258 2845 1330 2888 cum

100 2931 193 2995 luxus
222 2930 447 2994 instrumentis
476 2929 624 2993 omnibus
652 2930 778 2993 litteras
808 2950 933 3013 qnoque
962 2934 1110 3014 artesque
1138 2931 1254 3014 partim
1279 2952 1331 2996 ex-

97 3037 194 3121 pulit,
226 3036 344 3121 partim
381 3037 523 3101 coercuit
555 3041 587 3102 et
619 3037 711 3121 quasi
739 3036 886 3101 custodia
915 3037 1038 3101 vinctas
1066 3036 1185 3121 tenuit,
1219 3037 1330 3122 Aegy·

99 3144 241 3227 ptiorum
268 3143 303 3206 in
332 3142 481 3225 modum,
505 3142 589 3226 apud
618 3164 697 3226 quos
726 3145 860 3206 narrant
882 3139 996 3207 Graeci
1019 3144 1156 3208 traditos
1179 3147 1254 3207 ante
1278 3144 1331 3208 de-

101 3271 170 3315 cem
190 3250 281 3314 milia
300 3270 458 3313 annorum
477 3249 589 3314 modos
608 3250 725 3314 cantici
743 3270 848 3333 neque
867 3248 1063 3315 obsolevisse
1083 3251 1147 3314 situ
1161 3253 1330 3316 vetustatis

100 3376 204 3441 neque
232 3355 421 3419 immutatos
450 3376 591 3438 unquam
620 3377 703 3419 esse:
732 3354 826 3439 adeo,
853 3359 890 3419 ut
918 3357 1036 3420 artium
1065 3357 1149 3441 apud
1175 3356 1332 3422 Lacedae·

102 3463 227 3527 monins
263 3461 483 3526 condicionem
516 3483 588 3526 cum
622 3462 877 3527 Atheniensibus
910 3464 1079 3528 conferens
1113 3464 1234 3528 similes
1266 3465 1333 3529 illic

102 3569 211 3634 videas
235 3569 401 3653 signorum
424 3569 495 3632 rudi
519 3569 654 3634 artificio
679 3569 815 3653 pedihus
839 3572 1033 3654 compressis
1057 3571 1251 3654 effictorum,
1280 3572 1333 3637 hic

101 3679 282 3741 statuarum
315 3674 620 3758 perfectissimarum
654 3677 831 3759 Daedalea,
867 3677 930 3742 hoc
962 3682 1013 3741 est
1045 3677 1155 3742 Attica
1188 3678 1333 3743 sollertia

100 3783 329 3850 fabricatarum
353 3782 413 3863 ita,
441 3785 533 3867 quasi
556 3784 702 3869 viverent
724 3785 886 3868 libereque
909 3783 1104 3849 incederent.
1149 3783 1225 3848 Non
1250 3786 1333 3849 sine-

100 3891 180 3955 bant
212 3888 363 3973 Spartani
397 3894 500 3953 artem
533 3891 617 3974 apud
652 3912 721 3955 sese
754 3892 887 3956 tractari
920 3892 1034 3975 ullam,
1069 3913 1150 3976 quae
1178 3890 1333 3988 Regibus,

101 3997 375 4080 Senatoribusque
408 3999 441 4060 et
468 3997 621 4082 Ephoris,
654 4020 779 4063 morum
814 3998 957 4082 arbitris,
990 3998 1097 4062 minus
1125 3999 1333 4082 probaretur:

101 4106 218 4192 quibus
243 4103 326 4168 nihil
351 4124 547 4189 magnopere
576 4105 774 4188 probabatur
801 4105 974 4170 novicium.
1019 4105 1143 4170 Romae
1167 4103 1334 4190 Censores,

103 4213 160 4280 Cn.
184 4211 346 4278 Domitius
370 4211 607 4276 Ahenobarbus
637 4217 670 4276 et
698 4212 732 4276 L.
757 4213 898 4278 Licinius
923 4213 1073 4296 Crassus,
1100 4234 1198 4297 quum
1226 4213 1333 4278 rheto-

102 4342 154 4385 res
177 4319 286 4384 Latini
312 4318 422 4382 ludum
447 4319 661 4402 aperuissent,
689 4319 798 4405 ibique
823 4319 1054 4385 adolescentuli
1079 4322 1166 4382 totos
1190 4318 1259 4383 dies
1283 4320 1335 4385 de-

99 4427 259 4508 siderent,
292 4426 323 4489 in
361 4425 477 4508 edict0,
510 4449 572 4510 quo
602 4426 818 4491 ostendebant
845 4450 935 4492 suam
964 4425 1172 4507 sententiam,
1205 4426 1267 4490 sibi
1297 4449 1336 4492 ea

80 4508 319 4611 Maeote,
349 4530 434 4596 haec
464 4533 563 4599 rerba
591 4538 787 4621 posueruut:
818 4534 979 4622 „Maiores
1005 4533 1128 4614 nostri,
1153 4554 1235 4618 quae
1257 4533 1338 4598 libe-
