2760 4868
567 200 785 264 ...61-

58 362 130 423 ctus
156 359 261 424 futuri
291 361 373 444 sint,
405 359 543 444 perspici
573 360 668 425 initio
695 365 848 444 nequeat,
882 380 919 424 ac
951 359 1050 444 longo
1078 364 1205 423 demum
1234 381 1296 423 usu

58 469 91 529 ct
113 466 332 549 experientia,
361 488 456 550 saepe
485 466 582 531 etiam
613 488 691 530 casu
719 467 907 551 reperiatur.
953 466 999 531 At
1022 467 1049 530 si
1072 467 1188 551 vulgus
1212 466 1295 530 litte-

60 593 169 636 rarum
193 572 432 655 praestantiam
456 572 519 637 isto
546 571 677 637 modulo
702 571 848 637 metitur:
877 572 1050 656 quodiam
1075 572 1203 638 Thaleti
1225 573 1296 658 phi-

60 678 230 763 losophiae
260 679 387 744 auctori
411 679 565 744 accidisse
591 677 751 762 proditur,
779 679 830 743 cui
859 679 1095 746 infructuosum
1119 679 1296 764 sapientiae

62 784 207 850 stadium
231 785 466 868 exprobratum
490 789 548 870 est,
571 785 673 850 donec
697 784 835 850 officinis
860 786 987 852 oleariis
1011 786 1192 870 conductis,
1218 783 1295 870 qnid

61 913 99 955 ex
135 896 274 957 natirrae
311 892 496 977 cognitione
533 892 641 957 lncelli
676 893 782 977 possit
816 892 951 977 percipi,
987 896 1179 978 argumento
1217 913 1294 956 sane

61 1018 159 1082 qnam
189 998 357 1063 luculento
387 998 626 1082 comprobaret:
654 998 715 1063 hoc
739 997 867 1083 quidem
895 997 990 1064 facile
1013 999 1166 1082 feremus,
1193 1019 1295 1082 neque

61 1104 93 1168 id
127 1105 214 1188 quod
247 1105 393 1189 iniquum
421 1109 471 1169 est
498 1107 749 1189 postulabimus,
783 1111 821 1170 nt
852 1105 999 1170 homines
1027 1106 1168 1190 imperiti
1195 1105 1234 1170 de
1262 1126 1295 1169 re

61 1211 124 1274 sibi
154 1210 263 1275 aliena
292 1215 440 1276 accrrrate
468 1211 625 1295 iudicent3
658 1212 733 1296 quid
763 1217 870 1294 autem
899 1212 1057 1296 dicemus,
1088 1213 1116 1277 si
1144 1213 1198 1296 qui
1227 1233 1296 1276 ern·

61 1317 205 1381 ditorum
234 1340 352 1384 nomen
382 1322 552 1403 usurpant,
581 1320 608 1383 si
637 1342 742 1383 rerum
770 1319 972 1402 publicarum
1000 1319 1165 1403 praesides
1193 1322 1226 1384 et
1247 1341 1294 1383 re-

63 1428 186 1507 ctores,
224 1424 280 1509 qni
316 1424 476 1491 humanae
512 1429 647 1491 naturae
681 1427 763 1490 vires
795 1427 962 1492 universas
994 1448 1162 1512 rerumque
1195 1449 1296 1512 prope

63 1531 210 1594 omnium
240 1532 320 1596 fines
348 1532 467 1597 babere
495 1536 679 1617 perspectos
708 1532 839 1617 debent,
868 1532 906 1597 de
934 1534 1051 1598 litteris
1077 1536 1143 1597 tam
1168 1534 1295 1599 sordide

65 1638 240 1702 statuunt?
286 1637 409 1714 Quibus
432 1640 513 1704 nihil
538 1640 659 1724 aptius,
685 1642 724 1704 nt
748 1638 828 1703 mihi
850 1640 988 1723 videtur,
1015 1640 1152 1724 proponi
1179 1646 1295 1726 potest,

65 1767 163 1829 qnam
187 1746 396 1810 notissimum
419 1747 546 1830 quidem
570 1747 664 1831 illud,
693 1746 748 1811 sed
773 1746 874 1811 nihilo
899 1748 1003 1833 magis
1026 1748 1295 1813 contemnendum

66 1852 272 1917 Archimedis
300 1852 519 1919 mathematici
548 1854 738 1938 exemplam.
788 1852 919 1918 Etenim
952 1875 1050 1938 quum
1077 1852 1231 1920 Eudoxus
1263 1860 1297 1920 et

66 1959 234 2045 Archytas
251 1959 449 2047 Pythagorei
472 1961 690 2027 mechanicam
715 1961 949 2026 mathematum
974 1961 1295 2027 demonstrandorum

66 2067 152 2131 viam
190 2067 344 2150 inissent,
380 2068 643 2152 mechanicesque
684 2068 787 2151 ipsius
824 2067 1032 2133 inchoassent
1071 2068 1295 2135 fundamenta:

67 2180 244 2259 postquam
267 2174 400 2259 indigne
423 2173 530 2239 ferens
553 2172 647 2239 Plato
671 2195 725 2238 eos
749 2174 954 2258 vituperavit,
978 2173 1061 2258 qnod
1085 2176 1295 2259 geometriam

68 2304 88 2346 a
118 2282 211 2365 puris
243 2281 424 2346 intellectus
456 2281 644 2346 notionibus
677 2279 848 2344 abductam
881 2281 920 2345 ad
959 2301 1129 2365 corporeae
1161 2287 1295 2348 naturae

69 2389 212 2453 rationes
244 2392 277 2452 et
308 2387 465 2452 illiberale
497 2387 661 2471 opificium
698 2389 935 2470 converterent,
974 2387 1160 2453 mechanica
1192 2411 1244 2454 ars
1277 2412 1297 2454 a

69 2495 248 2580 geometria
276 2497 309 2558 et
336 2494 541 2579 philosophia
568 2494 713 2559 seiuncta
740 2496 803 2577 est,
836 2499 869 2557 et
896 2493 1088 2559 militaribus
1117 2495 1295 2580 disciplinis

69 2602 194 2666 addita:
228 2623 289 2667 nec
321 2602 375 2686 qui
403 2601 649 2666 mathematicus
678 2601 790 2666 baberi
819 2601 928 2684 vellet,
959 2600 1154 2667 mechanicis
1186 2603 1296 2668 inven-

71 2712 113 2775 tis
136 2710 187 2774 vel
212 2708 395 2774 utilissimis
419 2709 619 2793 maximeque
647 2708 802 2772 mirandis
826 2708 980 2773 excellere
1003 2729 1098 2791 posse
1122 2708 1297 2774 arbitratus

70 2824 127 2884 est.
178 2816 387 2900 Quapropter
413 2815 635 2899 Archimedes,
665 2815 721 2899 qui
749 2815 805 2878 illa
833 2818 902 2878 arte
930 2817 1099 2898 tantopere
1125 2816 1298 2900 praestitit,

70 2932 107 2990 nt
132 2930 254 2990 terram
284 2945 319 2988 se
348 2944 475 2989 movere
502 2944 599 3007 posse
627 2923 759 3004 diceret,
792 2922 820 2986 si
852 2921 916 2986 alia
943 2920 1005 3004 ipsi
1037 2923 1136 2999 terra,
1168 2920 1202 2985 in
1234 2944 1298 3007 qua

71 3032 274 3113 consisteret,
303 3030 446 3114 daretur,
472 3052 576 3114 neque
606 3030 711 3095 solum
739 3028 817 3092 talia
844 3028 991 3112 iactavit,
1019 3026 1075 3091 sed
1101 3027 1135 3091 in
1161 3025 1297 3111 Syracu·

72 3161 179 3204 sarum
209 3136 451 3221 oppugnatione
478 3135 665 3200 Marcellum
693 3137 725 3198 et
753 3134 861 3217 copias
889 3134 1102 3199 validissimas
1133 3135 1296 3201 machina·

71 3269 141 3310 rum
164 3246 467 3327 tormentorumque
479 3239 518 3306 'vi
542 3242 635 3327 quasi
659 3240 859 3306 centimanus
878 3239 1030 3307 Briareus
1052 3242 1104 3307 vel
1122 3241 1296 3326 Typhoeus

72 3374 109 3416 ac
137 3372 236 3435 supra
263 3332 432 3415 humanas
448 3351 532 3415 vires
559 3348 685 3432 pollens
713 3348 910 3434 profligavit3
938 3352 1045 3413 tamen
1074 3349 1297 3415 instrumentis

71 3459 137 3522 suis
160 3479 227 3522 non
252 3457 390 3521 multum
412 3457 535 3539 tribuit,
559 3456 614 3521 sed
637 3456 717 3521 haec
744 3455 810 3519 fere
833 3454 1027 3520 ludibundus
1055 3457 1135 3541 egit,
1162 3455 1296 3522 Hieroni

71 3568 140 3650 regi
170 3564 425 3651 gratificaturus,
457 3563 514 3649 qui
542 3585 615 3627 eum
642 3565 826 3647 rogaverat,
857 3564 895 3624 nt
921 3561 1075 3627 scientiae
1103 3563 1297 3629 documenta

72 3672 112 3736 ad
141 3671 246 3755 plebis
274 3675 405 3754 captum
434 3669 676 3735 accommodata
706 3671 882 3753 promeret:
914 3689 1015 3754 eaque
1042 3669 1237 3734 liberalitate
1265 3680 1298 3736 et

71 3778 173 3843 animi
196 3777 437 3861 magnificentia
458 3777 534 3860 fuit,
561 3776 736 3861 atquibus
764 3776 858 3840 rebus
883 3775 1062 3858 sapientiae
1087 3799 1153 3841 non
1178 3782 1296 3842 morta·

71 3888 126 3965 lis,
155 3883 212 3949 sed
235 3905 368 3968 prorsus
391 3884 518 3948 divinae
546 3883 666 3948 famam
695 3882 829 3967 adeptus
858 3885 919 3967 est,
947 3905 1002 3947 eas
1029 3905 1097 3949 non
1124 3884 1297 3949 sustineret

71 3993 190 4077 dignas
218 3990 351 4074 habere,
379 4013 457 4074 quas
481 3991 610 4076 scriptis
636 3989 814 4069 mandaret,
843 3989 956 4053 sedin
983 3989 1154 4075 perspicua
1182 3992 1214 4054 et
1237 3992 1296 4055 ele-

71 4101 167 4186 ganti
208 4099 444 4162 theorematum
482 4098 696 4182 explicatione
737 4096 862 4160 laudem
900 4098 1106 4180 praecipuam
1143 4100 1176 4161 et
1212 4098 1296 4181 apud

71 4212 222 4291 posteros
255 4204 442 4268 memoriam
475 4209 651 4289 quaereret
697 4202 802 4289 Igitur
832 4225 899 4267 non
926 4203 1052 4288 lupum,
1083 4224 1149 4268 non
1176 4224 1297 4288 gruem,

70 4336 138 4378 non
163 4309 337 4395 scorpium,
359 4332 424 4375 non
448 4311 546 4376 ullam
571 4310 752 4376 machinam
775 4313 1024 4396 tormentumve,
1048 4310 1104 4375 sed
1127 4310 1296 4394 sphaeram

70 4443 144 4485 cum
169 4418 316 4502 cylindro
338 4418 462 4482 tumulo
485 4418 624 4500 insculpi
646 4417 749 4482 iussit.

162 4523 227 4591 Sed
252 4528 436 4608 postquam,
464 4524 581 4610 quibus
605 4525 639 4588 in
662 4524 758 4589 rebus
781 4545 821 4588 ea
847 4523 1066 4589 doctrinarum
1089 4523 1226 4603 utilitas,
1255 4522 1296 4587 ob
