2760 4868
554 235 771 298 -11-

52 396 171 481 exiguis
208 397 389 479 praestanti
428 396 574 460 homines
610 395 742 480 ingenio
778 394 819 458 ad
854 395 1010 460 musicum
1043 395 1104 460 hoo
1138 394 1280 459 studium

53 526 176 568 summa
192 525 266 568 cum
285 503 498 568 contentione
516 523 585 566 sese
605 500 825 587 applicabant3
844 522 904 565 nec
922 501 1063 566 concidit
1082 524 1135 565 ars
1155 502 1281 566 scenica

53 610 150 694 prius,
188 632 285 694 quam
325 609 503 674 exhaustae
536 630 612 694 opes
650 610 695 673 rei
732 608 880 693 publicae
919 607 1131 693 fortunaeque
1163 608 1281 672 civium

53 720 237 781 attenuatae
264 738 330 782 non
358 717 425 781 iam
454 737 547 798 pares
576 720 686 780 essent
712 714 878 779 immensis
905 714 968 778 illis
991 715 1024 778 in
1049 736 1178 779 socnam
1202 714 1280 778 olim

53 823 142 888 hstis
175 823 343 907 impensis.
396 822 481 899 Quid
510 844 585 887 vero
614 822 652 886 de
680 823 823 888 oratoria
850 822 955 887 dicam
982 822 1186 887 Athenarum
1213 821 1280 886 fere

53 930 203 1014 propria?
260 928 348 994 Num
382 952 421 994 ea
454 937 647 1015 unquam'a
681 930 787 1014 prisca
821 929 980 993 tenuitate
1012 928 1211 1013 pervenisset
1242 929 1281 993 ad

54 1056 226 1120 summum,
263 1038 329 1102 nisi
366 1038 401 1102 in
439 1037 564 1103 iudiciis
606 1041 639 1102 et
676 1036 881 1102 contionibus
916 1038 1001 1099 esset
1034 1035 1142 1100 culta?
1197 1035 1281 1112 Quid

54 1144 281 1229 philosophia?
328 1143 415 1209 Num
433 1142 585 1209 Socrates
607 1145 646 1209 de
670 1145 789 1209 finibus
813 1143 972 1208 bonorum
996 1143 1218 1226 etmalorum,
1242 1145 1280 1209 de

54 1251 226 1317 virtutibus
264 1251 432 1337 vitiisque,
469 1251 507 1316 de
546 1251 674 1335 officiis,
711 1251 750 1314 de
787 1249 834 1314 rei
871 1249 1017 1333 publicae
1050 1250 1281 1335 gubernatione

55 1362 141 1423 buta
168 1358 352 1423 subtilitate
380 1358 605 1443 quaesivisset,
638 1362 671 1423 et
700 1358 879 1442 sapientiae
908 1358 1049 1422 studium
1079 1357 1120 1422 ab
1148 1357 1281 1444 indaga·

55 1467 136 1531 tione
166 1487 277 1530 rerum
304 1465 446 1530 tenebris
474 1470 609 1531 naturae
638 1465 850 1530 obductarum
879 1465 919 1529 ad
949 1465 1049 1528 vitam
1078 1486 1280 1529 communem

56 1573 206 1658 aequasi
234 1573 270 1636 in
299 1572 485 1637 societatem
512 1573 680 1638 hominum
709 1572 904 1637 deduxisset:
934 1594 1010 1635 num
1039 1593 1098 1655 par
1121 1572 1280 1656 magistro

57 1679 226 1763 discipulus
259 1677 354 1743 Plato
391 1700 498 1744 rerum
535 1680 715 1743 divinarum
751 1678 1028 1763 humanarumque
1060 1679 1279 1764 cognitionem

58 1788 117 1852 alta
148 1789 260 1851 mente
288 1789 375 1850 esset
402 1787 599 1870 complexus,
631 1786 734 1870 iisqne
761 1786 947 1850 tradidisset
975 1785 1146 1850 uerborum
1176 1786 1280 1850 illece-

59 1894 130 1976 bris,
162 1893 299 1977 quibus,
330 1915 393 1978 quo
426 1894 560 1980 quisque
592 1897 643 1957 est
672 1893 864 1977 elegantior,
896 1915 934 1957 eo
962 1893 1088 1976 capitur
1116 1893 1219 1977 magis
1248 1897 1280 1958 et

58 1999 226 2065 detinetur:
261 2022 341 2065 num
377 2000 559 2066 Aristotelis
592 1999 708 2084 ingens
742 2002 774 2063 et
806 2000 974 2082 perspicax
1006 2000 1134 2064 animus
1168 2000 1279 2064 orbem

59 2108 272 2173 doctrinarum
309 2107 493 2172 universum
525 2128 673 2171 emensus
707 2110 805 2171 esset:
843 2129 921 2170 num
952 2106 987 2170 hi
1019 2105 1182 2171 triumviri
1213 2129 1280 2172 non

60 2215 146 2280 nodo
170 2214 313 2300 gentiles
336 2218 403 2278 tam
423 2213 563 2279 Graecos
588 2236 684 2298 qnam
708 2212 881 2297 Romanos,
905 2214 960 2278 sed
978 2212 1182 2280 Christianae
1206 2214 1280 2279 fidei

58 2321 197 2386 homines
212 2342 270 2404 per
285 2343 397 2386 omnes
412 2325 532 2386 aetates
550 2322 597 2386 vel
612 2321 858 2385 obscurissimas
879 2323 1072 2386 auctoritate
1091 2344 1150 2385 sua
1171 2322 1277 2386 devin-

60 2433 123 2493 ctos
152 2428 339 2493 tenuissent
364 2450 401 2493 ac
428 2419 580 2494 tenerent'
601 2428 772 2511 hodieque,
804 2429 832 2492 si
860 2429 1022 2494 decretum
1050 2430 1114 2494 tale
1143 2429 1280 2494 Athenis

57 2537 208 2618 stetisset,
246 2534 335 2618 quali
367 2534 493 2601 decreto
528 2533 680 2619 Spartani
713 2534 918 2601 Timotheum
950 2535 1111 2601 Milesium
1147 2539 1278 2601 notasse

60 2642 223 2707 lemntur‘?
272 2641 365 2718 Quod
393 2664 490 2727 quum
517 2639 690 2725 Sophocles
713 2642 937 2726 Amphiclidae
961 2642 1129 2708 Suniensis
1158 2648 1280 2709 tentas-

56 2756 110 2833 set,
131 2750 201 2814 lata
223 2749 305 2834 lege,
327 2752 382 2830 „ut
404 2748 587 2832 philosophi
610 2748 737 2813 scholas
763 2771 803 2813 ne
823 2751 992 2835 aperirent,
1016 2751 1079 2815 nisi
1100 2751 1127 2815 si
1147 2748 1280 2815 Senatui

58 2854 242 2941 Populoque
284 2855 473 2919 Atheniensi
511 2856 699 2938 placuisset:
742 2856 796 2940 qui
835 2878 926 2922 secus
963 2857 1104 2940 fecisset,
1142 2858 1279 2942 capitale

55 2962 169 3047 csset;“
195 2963 246 3027 ita
273 2962 303 3026 ei
326 2962 422 3027 cessit
446 2963 544 3046 male,
571 2964 608 3026 ut
631 2983 714 3027 anno
740 2964 922 3048 insequenti
947 2963 1161 3028 Athenienses
1185 2963 1286 3051 abro-¹

54 3076 129 3156 gata
156 3071 231 3155 lege
258 3070 398 3154 quinque
427 3073 500 3134 euni
527 3069 657 3134 talentis
686 3070 875 3154 multarent,
904 3071 1105 3155 reditumque
1133 3071 1279 3135 decerne·

54 3184 124 3242 rent
146 3177 361 3262 philosophis.
405 3177 519 3262 Itaque
542 3199 640 3262 quum
663 3177 714 3240 uel
738 3177 875 3241 amissae
899 3178 1061 3243 libertatis
1079 3177 1278 3261 temporibus

15 3276 18 3281 ⁴
53 3285 222 3369 indiguum
252 3284 414 3348 videretur
440 3283 515 3348 hnic
543 3284 676 3368 populo,
709 3288 811 3348 artem
839 3285 936 3349 ullam
965 3287 1015 3350 vel
1043 3284 1201 3370 proscribi
1229 3284 1293 3349 vel'

53 3391 196 3456 cohiberi
225 3391 364 3476 legibus,
392 3389 486 3454 modo
512 3412 552 3454 ne
575 3392 688 3477 religio
713 3391 820 3476 patria
844 3393 1030 3457 violaretur:
1060 3391 1145 3478 quod
1169 3391 1279 3455 multis

52 3500 230 3582 obiectum,
263 3499 331 3562 iure
359 3498 444 3577 aliis,
476 3501 512 3562 ut
538 3496 735 3583 Protagorae
765 3497 952 3582 Abderitae,
986 3499 1058 3564 aliis
1087 3498 1216 3579 iniuria,
1244 3500 1281 3561 ut

54 3607 270 3690 Anaxagorae
293 3607 326 3669 et
344 3597 480 3668 Socrati:
505 3603 581 3689 quid
605 3605 721 3669 mirum
744 3605 993 3672 Atheniensium
1017 3607 1129 3672 urbem
1153 3605 1278 3669 dicendi

52 3720 85 3777 et
112 3713 296 3776 litterarum
320 3710 482 3775 officinam
505 3711 712 3796 omniumque
735 3712 969 3777 laudandamm
994 3713 1109 3777 artium
1136 3713 1280 3776 extitisse

53 3820 250 3903 emporium,
274 3839 310 3882 ac
334 3817 499 3882 doctrinae
522 3818 628 3901 laude,
652 3820 843 3902 praesertim
867 3843 885 3883 a
909 3819 1041 3884 Periclis
1065 3823 1186 3901 aetate,
1209 3822 1278 3883 tan·

54 3932 123 3990 tum
152 3925 329 3990 eminuisse
355 3925 440 3988 inter
472 3929 595 3990 ceteros
619 3924 772 4010 Graecos,
800 3930 838 3990 ut
863 3928 982 3992 ocellus
1006 3926 1157 3991 Graeciae
1183 3931 1279 4011 atque

55 4034 167 4098 Rellas
191 4030 337 4097 Helladis
362 4036 394 4096 et
418 4035 502 4096 esset
525 4036 558 4096 et
581 4032 761 4096 diceretur?

142 4137 237 4203 Nunc
264 4139 365 4223 igitur
393 4139 446 4202 ubi
475 4139 639 4224 qnaeritis,
668 4143 741 4204 utra
770 4142 882 4206 civitas
911 4141 962 4206 his
988 4141 1130 4227 legibus,
1157 4141 1208 4206 his
1232 4143 1278 4204 in-

56 4246 178 4310 stitutis
208 4250 242 4309 et
269 4246 413 4310 moribus
442 4246 564 4330 degerit
590 4244 728 4331 felicius,
760 4249 878 4331 partim
907 4270 1043 4333 magnos
1070 4249 1143 4313 illos
1171 4250 1278 4333 legum

56 4353 239 4418 conditores
272 4373 323 4435 ea,
356 4375 419 4437 qua
451 4354 553 4437 decet,
585 4355 766 4419 reverentia
794 4378 1006 4441 prosequens,
1038 4357 1155 4440 partim
1185 4356 1278 4440 aequi

57 4460 169 4524 iudicis
192 4460 330 4542 laudem,
356 4461 448 4542 siqua
470 4464 526 4544 est,
551 4463 680 4545 cupiens
705 4462 935 4553 maximopere,
955 4466 1133 4552 utramque
1152 4484 1289 4547 respon·

51 4567 119 4643 deo,
148 4567 222 4626 dnm
248 4564 444 4646 legaslatoris
474 4568 638 4638 voluntati
668 4578 702 4641 et
732 4578 885 4648 consiliis
913 4579 1187 4669 obtemperaret,
1209 4591 1321 4658 aequa
