2760 4868
610 191 830 255 ..20-

108 350 233 411 veteres
256 347 354 411 latuit
375 347 601 433 philosophos,
624 352 721 434 atque
744 350 798 432 iis,
826 348 880 432 qui
903 346 1089 411 Francicam
1113 369 1215 432 nuper
1237 348 1331 412 liber·

105 456 207 517 tatem
240 453 335 517 initio
367 453 622 538 admirabantur,
655 455 759 519 exitus
792 454 987 518 monstravit
1016 455 1232 531 tristissimus.
1290 455 1334 518 At

105 561 196 645 regio
233 561 369 645 imperio
407 560 533 645 legibus
570 560 767 649 salutaribus
804 560 980 626 constituto
1017 561 1141 626 nullum
1182 561 1333 644 sedatius,

106 666 229 730 nullum
268 668 384 731 iustius
422 688 525 751 neque
562 668 603 732 ad
640 660 904 732 benefaciendum
941 667 1129 751 proclivius,
1167 672 1332 752 postremo

106 773 233 838 nullum
260 773 426 838 liberalius
455 773 642 857 artibusque
675 779 708 839 et
740 775 856 839 litteris
888 773 1114 857 promovendis
1146 774 1251 860 magis
1283 796 1332 839 ac-

107 880 356 945 commodatum.

196 985 328 1052 Diutius
362 988 501 1052 fortasse
528 987 620 1052 haesi
647 989 680 1051 in
713 987 886 1071 principio,
917 991 1061 1051 veterum
1093 987 1213 1052 iniecta
1245 1009 1333 1081 rnen-

105 1093 208 1158 tione:
240 1117 351 1158 verum
378 1094 411 1158 id
440 1093 558 1159 dabitis
587 1094 701 1158 studiis
724 1095 858 1173 uostris,
886 1094 921 1158 in
949 1095 1065 1179 quibus
1094 1117 1204 1159 omnes
1232 1095 1333 1159 liben-

108 1200 234 1267 tissime
271 1223 516 1266 commoramur.
571 1199 639 1265 Iam
674 1206 711 1265 ut
743 1201 870 1266 redeam
908 1201 948 1265 ad
985 1203 1201 1287 propositum,
1237 1223 1332 1286 quem

105 1328 215 1393 regem
244 1308 324 1391 dixi,
356 1307 454 1372 talem
486 1307 647 1392 intelligp,
680 1309 808 1393 qualem
836 1307 1034 1374 Fridericum
1063 1309 1259 1374 Guilelmum
1287 1309 1332 1373 di·

103 1415 226 1479 vinitus
259 1414 369 1479 datum
403 1415 479 1480 huic
509 1416 630 1499 populo
659 1416 835 1498 intuemur,
867 1437 933 1481 non
967 1438 1060 1500 quem
1094 1416 1191 1501 vulgo
1220 1436 1330 1500 regem

105 1522 281 1605 appellant,
305 1545 325 1585 a
346 1525 487 1604 tyranno
509 1545 605 1607 saepe
628 1523 709 1587 nihil
733 1523 925 1587 distantem:
950 1524 1004 1606 qui
1026 1527 1146 1608 tamen,
1169 1525 1197 1588 si
1221 1545 1331 1588 verum

106 1632 241 1712 spectes,
263 1628 455 1714 longissimo
475 1628 645 1695 intervallo
665 1631 781 1695 semoti
803 1630 962 1713 planeque
983 1629 1101 1694 diversi
1120 1630 1331 1714 reperiuntur.

106 1732 276 1818 Tyrannus
303 1735 390 1799 enim
409 1736 572 1819 impotens
592 1736 701 1820 animi,
725 1736 847 1819 avidus,
870 1735 1040 1819 superbus:
1064 1735 1103 1799 ad
1123 1758 1215 1800 suam
1235 1758 1331 1820 quae-

106 1863 167 1926 que
185 1842 361 1906 utilitatem
380 1842 493 1925 refert3
516 1844 638 1928 populi,
657 1856 752 1928 quem
771 1843 848 1926 odit,
872 1843 1041 1909 commoda
1061 1843 1208 1927 negligit,
1230 1844 1330 1907 immo

106 1949 173 2013 suis
197 1948 310 2013 obesse
334 1952 436 2032 putat.
472 1948 587 2035 Itaque
606 1950 686 2014 iuris
708 1950 904 2034 aequitatem
922 1950 1019 2034 tollit,
1042 1950 1190 2015 fortunas
1213 1951 1331 2014 civium

106 2055 268 2138 exhaurit,
300 2054 459 2120 sentiendi
492 2056 680 2140 dicendique
713 2056 912 2138 libertatem,
946 2061 1102 2140 quantum
1134 2060 1244 2141 potest
1275 2078 1331 2140 op-

104 2161 229 2246 primit:
260 2162 292 2225 vi
321 2183 417 2246 quam
446 2162 647 2248 benignitate
676 2182 771 2247 agere
799 2162 955 2246 praefert:
988 2163 1101 2228 alienis
1129 2162 1266 2227 miseriis
1294 2146 1332 2226 ac

104 2270 268 2334 laboribus
303 2269 365 2334 sibi
396 2270 579 2353 voluptates
613 2270 747 2354 quaerit.
799 2268 923 2345 Quibus
955 2271 1078 2334 artibus
1111 2271 1166 2355 qui
1199 2291 1332 2354 operam

105 2376 174 2459 dat,
204 2397 334 2441 necesse
363 2379 414 2439 est
441 2376 527 2440 mala
555 2376 652 2441 etiam
679 2377 835 2460 patiatur,
867 2377 984 2462 quibus
1012 2377 1092 2443 alios
1121 2377 1237 2441 affecit.
1287 2375 1334 2439 At

103 2483 190 2567 regis
218 2482 354 2547 consilia
381 2503 420 2546 co
448 2482 558 2547 omnia
585 2483 783 2568 diriguntur,
815 2487 853 2547 ut
879 2482 1033 2567 populum
1063 2486 1206 2566 praestet
1234 2503 1333 2567 quam

106 2589 342 2672 felicissimum,
373 2611 477 2674 neque
510 2611 583 2654 cum
613 2591 676 2655 hoc
706 2593 845 2675 pugnat,
878 2590 933 2655 sed
961 2590 1115 2655 concinit:
1149 2590 1233 2655 votis
1262 2588 1333 2653 eius

105 2697 282 2782 studiisque
301 2696 443 2762 innoxiis
463 2697 671 2779 obsecundat,
694 2696 780 2781 quod
798 2698 910 2782 populi
929 2718 1038 2762 vocem
1058 2696 1202 2761 divinam
1224 2697 1333 2763 novit:

105 2803 166 2868 Dei
189 2803 328 2868 vicarius
356 2804 389 2867 in
417 2805 525 2888 terris,
552 2802 684 2868 caelesti
713 2825 821 2869 amore
851 2804 977 2889 generis
1005 2803 1140 2867 humani
1169 2804 1334 2869 calescens

104 2912 261 2975 universis
285 2933 344 2995 pro
367 2915 501 2995 parente
524 2914 586 2992 est,
615 2932 750 2994 aequus,
777 2910 965 2986 benevolus,
992 2909 1095 2988 mitis,
1125 2910 1242 2975 civilis:
1272 2911 1333 2976 vir-

104 3020 212 3081 tutum
245 3018 388 3081 omnium
422 3019 584 3102 specimen
616 3022 749 3083 cunctos
782 3018 821 3082 ad
854 3017 1034 3101 exemplum
1066 3038 1159 3081 suum
1189 3017 1334 3082 formare

104 3123 228 3188 nititur.
273 3123 363 3188 Haec
391 3145 466 3189 vero
494 3146 602 3189 nonne
628 3123 782 3188 Friderici
804 3121 955 3188 Guilelmi
983 3125 1091 3209 imago
1118 3124 1191 3189 est?
1237 3147 1333 3209 quem

106 3230 208 3316 siquis
241 3230 372 3295 laudare
401 3231 620 3315 constituerit,
653 3252 720 3295 non
753 3230 874 3314 poterit
904 3234 1123 3314 praestantius
1157 3231 1333 3316 quidquam

106 3337 210 3403 dicere
233 3359 330 3421 quam
354 3337 422 3401 eius
447 3358 518 3402 oum
542 3338 663 3421 populo
687 3359 745 3402 suo
772 3337 976 3404 concordiam
999 3342 1174 3423 mutuaque
1197 3336 1333 3402 caritate

106 3445 249 3509 iunctam
264 3444 460 3527 societatem,
479 3467 543 3529 qua
559 3444 713 3529 principis
729 3445 880 3509 omnibus
894 3446 1037 3509 numeris
1052 3446 1193 3511 absoluti
1208 3447 1334 3509 ceterae

107 3550 242 3617 virtutes
270 3551 437 3616 universae
466 3551 682 3615 continentur.
727 3550 834 3634 Atque
863 3551 924 3615 hoc
951 3553 1038 3637 regis
1066 3552 1240 3637 populique
1263 3552 1333 3615 viu·

108 3658 180 3722 culo
208 3659 371 3722 communi
398 3657 479 3722 nihil
507 3678 612 3741 neque
640 3657 680 3721 ad
709 3657 846 3742 gloriam
874 3658 1039 3743 utriusque
1067 3658 1235 3742 nequead
1262 3657 1332 3722 feli-

107 3764 237 3830 citatem
267 3764 393 3829 utilius:
423 3764 464 3829 ad
492 3763 643 3848 gloriam,
676 3764 762 3849 quod
789 3786 845 3829 rex
872 3765 995 3831 viribus
1021 3765 1132 3851 populi
1160 3764 1334 3829 destinatus

108 3871 255 3935 infirmus
274 3874 332 3949 est,
355 3871 496 3955 populus
516 3871 584 3935 sine
602 3871 689 3956 regis
709 3871 868 3954 sapientia
887 3875 921 3935 et
937 3871 1073 3957 imperio
1092 3873 1223 3956 discors,
1246 3876 1334 3938 utro-

107 3999 169 4063 que
202 3983 308 4043 autem
342 3979 512 4043 coniuncto
545 3979 627 4042 alter
659 3979 790 4044 alterius
818 4000 938 4043 nomen
970 3979 1169 4045 facinoribus
1206 3980 1333 4065 magnis

107 4084 260 4170 illustrat;
294 4085 333 4149 ad
362 4085 563 4167 felicitatem,
592 4085 677 4169 quod
705 4085 788 4149 alter
815 4085 948 4149 alterius
974 4086 1208 4170 prosperitates
1237 4085 1334 4163 fovet,
1363 4164 1375 4187 ⁶

108 4213 296 4276 summaque
314 4192 428 4277 populi
447 4193 532 4257 bona
551 4192 585 4256 in
605 4213 680 4277 rege
699 4192 841 4277 benigno
860 4193 1003 4276 reposita
1022 4196 1106 4276 sunt,
1129 4193 1238 4278 regius
1258 4213 1333 4256 vero

108 4298 236 4363 animus
259 4299 344 4364 inter
366 4300 455 4384 ipsas
479 4321 571 4364 curas
594 4299 842 4364 molestissimas
866 4302 899 4363 et
926 4300 959 4364 in
983 4300 1054 4383 ipso
1079 4299 1265 4364 discrimine
1288 4297 1334 4362 rei

100 4406 256 4484 publicae
274 4406 364 4470 nulla
377 4429 412 4472 re
426 4406 531 4491 magis
545 4405 682 4491 erigitur
696 4427 733 4470 ac
748 4406 958 4471 confirmatur
971 4427 1067 4490 quam
1084 4405 1198 4470 studiis
1212 4404 1334 4489 populi,

83 4523 184 4578 quem
206 4510 278 4570 sibi
299 4511 510 4596 benignitate
533 4513 777 4581 conciliaverat.
