2760 4868
543 131 757 195 ..54-

40 313 115 356 vero
143 289 341 355 Fridericum
370 289 578 373 Guilelmum,
611 289 794 373 Principem
823 290 1049 374 iustissimum,
1081 290 1270 376 nuperrime

39 398 167 481 fecisse,
190 419 253 462 non
280 397 348 460 sine
372 398 498 461 laetitia
521 419 747 464 commemoro.

130 505 175 568 At
203 525 243 567 ne
272 503 322 567 oui
349 504 486 567 nimium
518 525 612 588 agere
640 504 838 567 laudatorem
871 503 991 587 videar,
1024 525 1093 569 non
1125 504 1269 571 reticebo

41 633 123 697 quae
151 612 237 675 mala
265 633 304 673 ex
332 610 388 675 illo
416 614 506 675 motu
529 615 604 694 poet
626 609 801 674 Lutherum
830 632 1033 675 communem
1057 610 1202 694 patriam
1223 610 1271 677 in·

41 718 192 783 raserint.
243 717 326 781 Vere
359 719 486 802 loquar,
518 717 689 782 auditores.
740 715 918 781 Discidium
941 717 1142 802 ,opinionum
1175 738 1273 784 causa

42 825 200 889 bellorum
225 825 499 889 atrocissimorum
523 824 597 907 fuit,
628 825 744 909 quibus
768 823 943 888 Germania
965 824 1118 889 universa
1141 828 1273 891 vastata

43 935 105 1014 est,
134 931 261 995 litterae
289 932 379 1013 ipsae
408 953 518 995 recens
547 937 641 995 natae
667 931 809 1016 graviter
837 929 975 999 afflictae
1004 934 1095 996 sunt:
1124 930 1273 997 simulta-

46 1041 94 1101 tes
129 1041 161 1100 et
192 1038 382 1101 inimicitiae
413 1038 496 1102 inter
529 1039 614 1102 cives
647 1039 742 1102 unius
774 1037 821 1101 rei
852 1037 1013 1121 publicae,
1044 1038 1142 1103 unius
1174 1038 1276 1122 urbis,

44 1144 155 1227 oppidi
183 1148 326 1208 exortae:
355 1145 508 1208 damnum
536 1144 745 1228 irreparabile
773 1144 908 1227 imperio
936 1143 1176 1209 Germanorum
1203 1144 1274 1210 illa·

44 1256 128 1334 tum,
156 1250 212 1335 qui
239 1273 277 1314 ex
305 1251 361 1316 illo
391 1255 536 1336 tempore
565 1274 729 1336 nunquam
757 1251 823 1315 fere
852 1249 957 1315 solida
984 1251 1047 1316 fide
1073 1251 1110 1316 in
1137 1273 1274 1317 consen·

45 1380 115 1422 sum
144 1359 344 1421 coaluerunt:
379 1359 494 1421 exteris
528 1358 713 1422 nationibus
747 1380 801 1422 seu
830 1357 978 1423 hostibus
1007 1358 1074 1423 sive
1102 1362 1274 1444 praetextu

45 1465 206 1528 amicitiae
238 1469 326 1528 terra
357 1469 469 1528 nostra
496 1448 635 1548 praedite
663 1464 747 1530 data
798 1462 860 1529 Sed
887 1464 942 1529 ubi
970 1486 1078 1529 rerum
1109 1464 1273 1530 rationem

46 1572 115 1636 sine
138 1572 187 1635 ira
210 1576 243 1635 et
266 1571 372 1634 studio
396 1572 599 1655 expenderis,
627 1594 692 1636 non
723 1573 757 1635 in
780 1570 914 1636 Lutheri
938 1573 1115 1637 sectatores
1143 1573 1274 1657 culpam

43 1679 210 1760 coniieies,
243 1678 297 1761 qui
330 1678 454 1742 nullum
486 1678 522 1741 in
554 1677 712 1742 discordia
744 1678 829 1742 civili
857 1679 1061 1743 commodum
1091 1678 1275 1744 habebant:

48 1784 104 1848 sed
136 1784 171 1847 in
199 1782 391 1849 Pontificum
424 1788 458 1848 et
484 1783 719 1868 Imperatorum
752 1785 977 1869 pertinaciam,
1008 1807 1126 1850 novam
1158 1783 1275 1851 doctri·

49 1913 125 1955 nam
148 1891 234 1956 ferro
258 1894 290 1954 et
312 1891 382 1975 igni
405 1891 550 1956 funditus
574 1892 751 1976 exstirpare
772 1891 895 1955 nefario
919 1895 1038 1956 conatu
1061 1891 1275 1957 molientium.

48 1996 101 2061 llli
134 2020 192 2080 pro
225 2020 281 2061 ara
313 2002 346 2062 et
373 1998 453 2063 focis
484 2000 689 2083 pugnabant:
720 1997 771 2061 his
805 2019 1079 2081 supervacaneum
1111 2001 1184 2064 erat
1217 2020 1276 2083 pro

47 2103 149 2168 nimia
172 2105 320 2187 potentia
342 2105 503 2170 dimicare.
548 2104 600 2169 Illi
624 2127 757 2189 aequam
781 2105 932 2169 omnibus
951 2105 1139 2169 libertatem
1162 2109 1275 2189 postu·

48 2210 174 2274 labant:
198 2210 232 2274 hi
255 2211 337 2275 nihil
366 2212 404 2275 de
432 2211 643 2296 iniquissimis
671 2211 912 2277 condicionibus
935 2211 1155 2276 remittebant
1201 2210 1278 2276 Era

49 2317 116 2382 nim
154 2339 348 2402 quamquam
384 2319 477 2383 initio
513 2319 681 2383 turbarum
717 2318 786 2400 ipse
818 2317 897 2400 Leo,
934 2340 998 2402 qua
1034 2318 1096 2382 fuit
1131 2319 1277 2402 lenitate,

49 2422 226 2489 Lutherum
245 2426 343 2489 etiam
362 2424 556 2503 laudaverat,
578 2428 692 2508 postea
710 2446 821 2488 omnes
841 2425 935 2488 huius
955 2430 1060 2490 sectae
1079 2426 1277 2510 proscripse-

50 2534 126 2595 runt
153 2533 185 2594 et
212 2530 292 2595 diris
325 2531 539 2596 acerbissimis
568 2531 724 2595 exsecrati
757 2534 845 2595 sunt:
878 2554 938 2597 neo
966 2531 1043 2615 quid
1071 2532 1276 2616 temporibus

51 2636 193 2701 dandum
230 2642 329 2717 esset,
366 2639 441 2722 quid
472 2659 574 2703 novus
611 2638 816 2723 ingeniorum
849 2638 979 2702 habitus
1011 2640 1206 2723 postularet,
1243 2640 1276 2704 in

52 2744 196 2809 animum
223 2745 424 2828 inducentes,
451 2744 630 2809 Germanos
658 2767 747 2825 vero,
776 2767 856 2828 quos
884 2744 959 2808 Itali
992 2749 1076 2828 tum,
1108 2749 1146 2809 ut
1174 2767 1279 2830 nuper

52 2848 149 2932 Galli,
185 2851 362 2915 bestiarum
393 2851 465 2917 loco
497 2852 673 2936 habebant,
706 2855 961 2935 contemnentes,
992 2851 1142 2915 resistere
1176 2852 1278 2916 animi

51 2957 185 3022 humani
213 2959 334 3041 cursui,
361 2963 395 3023 et
422 2960 453 3023 vi
480 2963 683 3043 prosternere
711 2959 894 3023 obnitentes
922 2958 1168 3023 constituerunt
1215 2956 1278 3023 Sed

52 3064 107 3128 isti
131 3085 327 3149 magnopere
349 3065 518 3149 falluntur,
544 3066 599 3149 qui
618 3087 773 3130 novarum
797 3086 903 3129 rerum
926 3064 1084 3148 impetum
1108 3064 1279 3149 suppliciis

54 3173 111 3234 aut
143 3171 329 3236 obiiciendis
357 3172 534 3237 obstaculis
563 3172 756 3236 eludendum
783 3175 912 3255 putant:
940 3171 1091 3237 mollibus
1120 3172 1280 3237 consultis

54 3278 158 3362 magis
186 3277 351 3342 retinetur.
400 3277 472 3344 Hoc
504 3280 598 3344 docet
625 3279 773 3361 historia,
806 3279 930 3362 optima
957 3278 1147 3361 prudentiae
1175 3279 1281 3343 civilis

55 3386 213 3470 magistra
241 3388 274 3449 et
302 3390 390 3450 vates
419 3386 571 3469 veridica,
599 3384 694 3450 modo
722 3408 762 3449 ne
789 3385 832 3469 ei,
862 3389 898 3449 ut
926 3386 1044 3469 Apollo
1068 3384 1282 3470 Cassandrae,

53 3492 153 3569 libido
186 3495 218 3556 et
250 3492 408 3576 cupiditas
440 3492 607 3558 hominum
639 3493 733 3556 fidem
762 3492 878 3556 demat.
928 3492 990 3556 Sed
1020 3492 1099 3556 hoec
1132 3495 1203 3556 tum
1234 3492 1285 3572 ita,

39 3602 127 3671 ,acta
148 3620 234 3662 nunc
258 3592 385 3664 frustra‘
403 3604 451 3664 est
480 3600 630 3665 muliebri
652 3599 884 3664 lamentatione
907 3599 1088 3682 deplorare,
1115 3621 1220 3683 neque
1248 3599 1280 3664 id

54 3704 104 3789 iis,
127 3706 182 3790 qui
201 3704 503 3793 Brandenburgicae
528 3707 637 3772 domui
654 3712 779 3791 parent,
803 3706 963 3791 convenit,
986 3706 1074 3771 ouius
1098 3728 1175 3789 pars
1194 3705 1280 3771 haud

37 3809 171 3897 ‘exigua
198 3813 271 3877 inde
295 3837 315 3878 a
337 3815 496 3900 principio
520 3815 653 3880 Lutheri
679 3814 802 3897 coeptis
831 3813 944 3876 eximie
967 3811 1059 3876 favit.
1104 3811 1191 3876 Nam
1220 3813 1281 3877 etsi

55 3919 83 3984 is
113 3920 197 4003 ipse,
224 3921 280 4005 qui
308 3922 501 4007 religionum
528 3922 772 3987 reformatorem
801 3919 1010 4004 indulgentiis
1039 3941 1096 4002 per
1119 3918 1282 3984 Tenelium

56 4027 232 4092 vendendis
265 4028 473 4114 excitaverat,
505 4051 544 4093 ex
576 4028 688 4092 eedem
715 4026 777 4091 hac
809 4026 934 4090 familia
960 4026 1036 4108 fuit3
1069 4025 1131 4090 etsi
1158 4026 1280 4092 loaohi·

56 4156 128 4199 mus
152 4134 281 4200 Primus
304 4134 436 4201 Elector
458 4136 592 4202 Lutheri
614 4134 780 4200 doctrinae
803 4138 872 4199 tam
902 4133 1017 4198 acriter
1041 4132 1282 4215 adversabatur,

58 4244 95 4306 ut
122 4242 189 4306 eius
218 4244 336 4307 coniux
364 4224 565 4328 evangelicae
589 4242 778 4326 disciplinae
806 4240 934 4306 addicto
962 4240 1075 4323 capitis
1092 4235 1282 4324 'perieulum

58 4348 170 4414 exsilio
203 4348 345 4415 devitare
378 4354 560 4435 cogeretur:
596 4353 705 4414 tamen
737 4348 792 4432 qui
823 4348 859 4413 in
890 4346 1070 4413 Franconia
1101 4347 1284 4431 regnabant

58 4453 336 4542 Brendenburgici
360 4480 432 4524 cum
458 4456 592 4521 Alberto
615 4454 774 4543 Magistro
798 4455 942 4541 equitum
964 4454 1049 4519 hanc
1075 4453 1136 4518 sibi
1160 4458 1283 4519 sectam
