2760 4868
653 189 694 252 (33
741 225 781 233 „.

49 348 126 432 quin
152 347 350 412 eruditionis
380 348 473 431 copia
500 347 637 432 insignis
669 347 790 412 fuerit?
841 347 924 424 Quid
952 347 1037 432 quod
1065 349 1116 412 vel
1142 348 1284 434 Impera·

51 461 137 519 tores
164 455 200 518 in
224 454 352 518 litteris
383 453 509 519 laudem
542 453 761 540 quaerebant?
813 453 891 530 Quis
924 455 1009 518 enim
1038 453 1120 521 Iulio
1149 454 1284 521 Caesare

52 560 197 626 doctior?
233 561 308 645 quis
337 559 517 626 Octaviano
545 561 694 646 Augusto
723 561 918 625 litteratior?
964 562 1012 626 Ao
1037 583 1077 626 ne
1101 563 1140 626 de
1163 561 1283 627 Tiberii

53 667 181 752 studiis,
209 668 249 732 de
273 666 403 733 Claudii
427 669 519 733 fatua
545 691 624 733 sane
652 668 831 732 eruditione
859 666 976 752 dicam,
1006 691 1102 753 quem
1125 668 1284 734 Hadriani

54 796 125 840 cunr
151 775 259 858 poetis
286 775 503 860 litteratisque
530 775 754 839 contentiones
782 774 942 858 Principis
974 775 1105 840 modum
1134 777 1284 842 exceden-

55 887 102 946 tes
123 881 280 966 fugiunt?
327 883 399 967 quis
422 903 489 946 non
511 881 555 946 M.
578 881 797 949 Antonini.et
818 881 937 946 Iuliani
965 883 1158 966 sapientiam
1183 885 1282 948 admi-

56 987 166 1052 ratur?
204 987 313 1074 Igitur
335 991 373 1052 ut
395 989 430 1052 in
451 987 514 1053 hoc
532 1010 638 1052 rerum
662 988 775 1052 habitu
797 988 912 1053 studiis
936 988 1124 1055 liberalibus
1144 991 1283 1056 civitatis

57 1115 130 1159 cura
152 1116 220 1159 non
244 1117 326 1179 opus
355 1099 438 1159 erat:
467 1096 660 1180 quamquam
682 1094 880 1178 Imperatore
904 1094 1105 1178 Vespasiano
1132 1098 1282 1181 eloquen-

57 1201 121 1266 tiae
144 1201 294 1267 doctores
318 1201 449 1266 labante
472 1206 541 1266 arte
565 1202 691 1267 salariis
720 1202 830 1287 augeri
859 1203 1049 1289 coeperunt:
1076 1205 1124 1268 ita
1146 1207 1214 1268 tum
1239 1205 1283 1268 vi·

57 1307 147 1372 detur
170 1313 377 1393 perspectum
400 1330 482 1392 esse,
510 1309 663 1373 seiunctis
691 1308 836 1393 quamvis
860 1331 879 1373 a
908 1309 1018 1373 divina
1041 1310 1140 1393 stirpe
1164 1311 1282 1375 litteris

57 1436 106 1478 res
128 1414 292 1481 humanas
316 1417 398 1480 bene
421 1416 596 1501 gubernari
619 1438 684 1481 non
707 1417 770 1481 nisi
793 1415 834 1480 ab
858 1416 897 1480 iis
920 1437 1029 1500 posse,
1058 1418 1112 1501 qui
1136 1417 1283 1482 doctrina

58 1527 88 1586 et
104 1523 243 1587 scientia
256 1524 427 1588 subactum
447 1524 611 1608 ingenium
631 1524 791 1606 afferrent,
814 1543 958 1607 quaeque
978 1523 1086 1588 animo
1104 1524 1282 1607 sapientiae

58 1630 239 1713 praeceptis
267 1630 393 1695 imbuto
417 1631 654 1714 concepissent,
680 1631 714 1694 in
742 1650 944 1694 communem
968 1652 1061 1694 usum
1087 1631 1213 1695 dicendi
1236 1632 1282 1695 fa·

58 1736 176 1800 cultale
199 1758 350 1821 promere
373 1736 564 1802 didicissent.
600 1736 675 1801 Mox
695 1738 864 1826 ingruente
882 1736 983 1802 atroci
1003 1737 1160 1821 barbarie,
1183 1761 1280 1823 quum

58 1847 204 1925 potentes
228 1844 264 1908 in
289 1843 367 1908 solis
392 1844 489 1907 armis
516 1843 667 1930 gloriam,
695 1845 730 1908 in
757 1843 832 1907 luxu
862 1843 1062 1927 voluptatem
1085 1849 1283 1928 quaererent,

59 1949 185 2014 litterae
209 1951 295 2039 unde
319 1950 481 2034 profectae
504 1955 581 2015 sunt
603 1950 779 2033 redierunt,
802 1953 835 2013 et
858 1949 892 2013 in
917 1950 1087 2017 sacerdotii
1107 1949 1281 2016 Christiani

58 2058 218 2122 connubio
241 2058 483 2143 requieverunt:
512 2078 572 2122 nec
600 2057 818 2121 doctrinarum
842 2056 972 2121 scholae
999 2079 1064 2122 una
1088 2079 1160 2122 cum
1184 2059 1281 2124 eccle·

59 2164 103 2231 sia
125 2165 168 2229 ob
193 2165 292 2229 aliam
317 2187 446 2230 causam
469 2165 627 2250 potiorem
651 2163 778 2248 publice
797 2148 1011 2248 pbivatimquc
1030 2150 1146 2247 opibus
1170 2169 1282 2230 auctae

59 2275 89 2333 et
117 2271 242 2336 ditatae
275 2275 366 2356 sunt,
398 2294 496 2358 quam
527 2271 612 2356 quod
645 2271 786 2335 divinam
814 2271 932 2334 mentis
960 2270 1102 2335 indolem
1135 2272 1283 2355 excitare,

60 2378 154 2462 alere,
181 2378 307 2462 fovere,
335 2383 430 2464 atque
453 2379 485 2444 id
512 2379 638 2444 efficere
665 2377 870 2460 videbantur,
900 2380 937 2440 ut
964 2377 1002 2443 de
1026 2378 1142 2442 divinis
1169 2377 1281 2443 huma·

59 2485 169 2570 nisque
192 2486 290 2551 rebus
314 2486 563 2570 quamplurimi
592 2490 678 2550 recte
706 2484 875 2568 sentirent,
903 2484 1052 2548 virtutem
1075 2506 1151 2550 vero
1175 2485 1281 2550 acrius

60 2596 265 2685 sectarentur.

142 2700 188 2764 Et
214 2700 296 2765 baec
323 2699 452 2783 quidem
479 2700 514 2764 in
538 2722 610 2764 eum
633 2701 728 2765 linem
753 2698 929 2782 disputavi,
959 2701 995 2762 ut
1013 2698 1056 2763 'ex
1081 2700 1280 2782 superiorum

61 2811 239 2891 temporum
272 2807 429 2873 memoria
459 2811 597 2891 pateret,
631 2808 755 2872 litteras
787 2828 892 2891 neque
923 2827 1023 2889 quum
1055 2805 1155 2869 sacris
1186 2807 1281 2871 rebus

61 2915 246 2979 coniunctae
279 2917 402 2998 essent,
434 2936 472 2978 ex
504 2914 656 2980 illiberali
689 2915 798 2998 aliqua
831 2912 1022 2996 sordidaque
1055 2933 1152 2977 causa
1181 2913 1282 2977 nutri-

60 3024 122 3105 tas,
147 3043 254 3106 neque
282 3021 339 3086 ubi
366 3022 528 3086 seiunctae
556 3044 576 3085 a
602 3044 636 3086 re
664 3022 793 3105 publica
820 3023 854 3084 et
881 3019 943 3084 sibi
968 3019 1159 3084 commissae
1182 3024 1283 3097 erant,

60 3149 77 3189 a
106 3128 311 3213 principibus
344 3129 525 3193 civitatium
557 3129 733 3214 neglectas,
765 3128 822 3194 sed
854 3127 896 3192 ab
928 3125 980 3190 his
1011 3126 1149 3191 maxime
1178 3127 1282 3191 cultas

61 3255 134 3300 esse.
179 3233 347 3299 Utramvis
374 3237 482 3300 autern
510 3235 638 3299 illarum
668 3235 889 3301 condicionem
918 3233 1140 3317 spectantibus
1171 3234 1280 3298 statim

61 3339 115 3406 boc
143 3343 294 3424 offertur,
325 3341 479 3406 maiorem
508 3343 668 3427 quandam
696 3342 885 3407 eruditionis
912 3341 1089 3405 utilitatem
1122 3341 1281 3425 prioribus

60 3469 123 3512 esse
145 3448 334 3513 hominibus
364 3449 581 3532 obversatam,
609 3450 664 3535 qui
691 3449 886 3516 inscientia
912 3448 1130 3514 intellexerint
1150 3447 1198 3512 rei
1224 3470 1280 3531 pu·

61 3554 157 3621 blicae
186 3556 321 3620 vitalem
349 3555 414 3620 vim
442 3559 475 3620 et
502 3556 594 3641 quasi
618 3557 758 3622 animam
783 3562 988 3642 mentemque
1016 3555 1171 3640 positam,
1199 3574 1280 3637 quae

59 3683 172 3747 corpus
201 3684 260 3748 per
282 3685 315 3727 se
339 3664 494 3748 ignarum
522 3668 729 3747 penetretur
753 3668 894 3747 moveat,
922 3668 954 3728 et
978 3662 1078 3728 veluti
1105 3684 1142 3724 ex
1161 3659 1281 3743 Pytha·

59 3790 227 3853 goreorum
256 3774 438 3836 commento
465 3770 577 3833 mundi
604 3770 712 3833 anima
734 3792 754 3832 a
780 3771 886 3834 medio
912 3770 981 3853 igni
1005 3768 1124 3832 Vestae
1151 3767 1280 3849 focique

59 3877 159 3942 locum
184 3882 313 3943 tenente
342 3899 399 3959 per
422 3876 605 3941 universam
628 3899 733 3941 rerum
758 3880 907 3941 naturam
929 3874 1132 3959 protenditur
1153 3876 1186 3936 et
1208 3895 1280 3955 por·

57 3985 186 4070 rigitur,
219 3985 372 4068 caeloque
405 3983 600 4048 extrinsecus
633 3983 830 4048 circumdata
860 3987 921 4059 est,
953 3983 1000 4046 ita
1029 4003 1068 4045 ex
1100 3981 1279 4044 litterarum

57 4091 173 4155 subolis
206 4112 265 4174 per
297 4091 458 4155 civitatem
491 4091 626 4155 diffundi
660 4091 818 4155 rationem
851 4091 966 4153 cuncta
998 4088 1216 4153 continentem
1249 4092 1281 4150 et

57 4197 124 4262 luce
157 4219 219 4263 sua
251 4198 495 4262 collustrantem
525 4202 622 4283 atque
650 4198 853 4262 excitantem.
901 4193 962 4260 Sed
991 4194 1121 4277 animis,
1155 4198 1190 4258 ut
1217 4193 1280 4258 He·

55 4306 187 4371 raclitus
211 4304 366 4389 physicus
394 4306 454 4388 ait,
481 4304 563 4369 nihil
586 4305 693 4389 quiete
715 4304 877 4368 infestius:
907 4302 1016 4386 itaque
1041 4302 1187 4379 scientia,
1216 4324 1300 4366 non¹

56 4414 175 4497 omnis,
203 4412 260 4477 sed
284 4435 365 4496 quae
388 4412 450 4476 hoc
471 4412 602 4477 nomine
625 4412 724 4497 digna
750 4411 807 4495 sit,
835 4431 893 4474 sua
916 4416 1031 4495 sponte
1054 4408 1089 4472 in
1112 4407 1280 4492 perlectio-

55 4541 127 4584 nem
154 4519 285 4583 nititur:
309 4540 371 4597 quo
392 4519 441 4600 rit,
472 4523 508 4584 ut
533 4541 572 4584 ea
594 4542 664 4586 rem
691 4520 878 4610 publicam,
905 4519 961 4590 cui
987 4542 1063 4589 sese
1089 4517 1233 4606 penitus
1252 4515 1307 4578 'm-
