2760 4868
631 170 824 232 „2-

108 344 177 406 cos,
223 326 277 410 qui
315 325 476 390 exstincta
512 327 674 410 libertate,
718 328 876 392 exstincto
915 328 1094 392 incredibili
1134 329 1189 393 illo
1228 326 1341 392 ardore

107 431 219 510 animi,
265 455 327 517 quo
368 433 407 496 ad
444 434 758 517 praestantissimum
796 434 944 518 quodque
982 435 1107 498 facinus
1145 435 1341 518 ferebantur,

109 539 271 604 exstincta
301 540 438 625 denique
466 540 585 604 virtute
614 541 752 624 pristina
780 541 860 625 ipsis
889 539 1004 605 Graeci
1033 542 1174 605 nominis
1203 542 1338 606 admira·

109 646 234 711 toribus
258 647 360 732 inepti
384 646 589 712 videbantur:
613 649 683 732 quis
707 646 943 732 Panegyricum
968 647 1065 712 Plinii
1087 649 1129 712 ab
1153 649 1240 712 omni
1265 671 1338 732 pro-

106 751 162 816 bet
193 757 298 837 parte,
333 776 528 839 quamquam
562 754 681 819 dictum
715 755 743 818 ei
776 756 928 840 principi,
961 777 1027 849 quo·
1055 759 1142 820 terra
1172 756 1337 819 meliorem

105 879 171 923 non
203 860 300 925 tulit?
335 861 406 946 quis
438 883 512 925 vero
542 860 650 944 paullo
679 861 844 926 liberalior
872 862 1031 926 Eumenia
1059 862 1242 945 delectetur,
1271 860 1336 926 Na-

105 966 206 1050 zario,
236 965 354 1032 Latino
377 967 510 1049 Pacato,
538 967 731 1032 Mamertino
760 974 896 1053 utroque
925 969 1060 1053 aliisque
1091 968 1185 1032 huius
1210 968 1338 1033 sectae?

106 1070 250 1147 Quorum
284 1073 413 1158 quidem
443 1073 580 1139 dedecus
609 1074 824 1140 adulatorium
852 1080 1035 1158 temporum
1064 1074 1257 1139 infelicitate
1286 1097 1336 1138 ex-

106 1200 211 1244 cuses:
250 1203 311 1246 nos
344 1184 453 1245 autem
486 1181 557 1265 quis
592 1185 641 1246 est
676 1181 754 1266 quin
785 1183 899 1247 beatos
933 1181 1110 1266 praedicet,
1144 1181 1229 1265 quod
1262 1181 1337 1245 huic

104 1285 187 1371 Regi
221 1308 385 1372 paremus,
421 1309 515 1372 quem
549 1289 583 1350 et
613 1288 745 1353 laudare
778 1289 847 1353 sine
881 1289 1064 1353 adulatione
1097 1288 1173 1351 licet
1205 1292 1237 1352 et
1270 1310 1337 1353 non

103 1391 235 1456 laudare
273 1393 342 1458 sine
379 1393 578 1458 offensione?
633 1392 754 1469 Quodsi
792 1418 849 1460 vos
883 1399 1046 1479 putassem
1080 1398 1333 1478 exspectaturos,

104 1499 280 1584 auditores,
309 1504 345 1565 ut
372 1523 444 1566 meo
472 1501 644 1585 praeconio
674 1502 771 1589 digne
800 1502 1018 1567 dilaudaretur
1041 1502 1132 1585 Rex,
1161 1502 1251 1565 cuius
1280 1501 1332 1565 be·

103 1607 218 1671 neficia
250 1608 283 1670 in
314 1607 455 1689 patriam
488 1608 651 1673 cumulata
682 1631 745 1674 uno
779 1610 921 1674 omnium
956 1631 1009 1674 ore
1040 1610 1228 1674 efferuntur:
1261 1629 1332 1690 pro·

104 1712 189 1778 fecto
213 1735 303 1778 meae
326 1714 495 1778 tenuitatis
515 1716 712 1780 conscientia
729 1715 792 1781 huc
811 1737 871 1800 ego
892 1716 1061 1781 ascendere
1080 1736 1246 1800 nunquam
1266 1736 1334 1777 sus-

108 1820 292 1884 tinuissem:
321 1820 406 1905 quod
431 1842 509 1885 vero
533 1822 599 1885 scio
622 1822 724 1887 levius
748 1821 899 1906 quiddam
923 1845 943 1886 a
965 1845 1017 1887 me
1040 1823 1185 1907 deposci,
1213 1822 1335 1906 ingenii

106 1927 169 1991 mei
202 1927 379 1991 exilitatem
412 1931 520 1992 vestra
547 1929 749 2013 indulgentia
769 1919 925 1994 'consolor
948 1929 1193 2016 quodammodo.
1243 1930 1334 1993 Atta·

105 2057 200 2119 men,
230 2038 267 2098 ut
293 2035 416 2119 largiar
442 2036 613 2100 remissum
643 2058 711 2100 esse
739 2036 785 2118 id,
814 2037 899 2120 quod
927 2038 1023 2124 longe
1050 2037 1275 2102 difficillimum
1305 2040 1338 2100 et

107 2146 157 2206 est
186 2146 218 2206 et
244 2141 397 2224 habetur3
427 2148 583 2227 quantum
612 2143 655 2207 sit
682 2143 787 2207 dicere
815 2143 966 2228 hoodie,
992 2144 1055 2209 hoc
1078 2149 1183 2229 coetu,
1214 2166 1251 2208 ex
1274 2144 1336 2207 hoc

103 2250 175 2314 loco
206 2249 244 2313 de
274 2255 465 2334 argumento
495 2250 651 2335 quolibet,
679 2272 774 2316 nemo
798 2273 865 2316 non
888 2251 1055 2337 intelligit,
1084 2252 1139 2337 qui
1162 2252 1208 2315 rei
1232 2249 1334 2334 digni·

103 2360 204 2421 tatem
233 2356 340 2420 metiri
367 2357 453 2421 iusto
483 2358 612 2422 modulo
641 2358 731 2422 velit:
767 2380 827 2443 ego
854 2381 945 2443 vero,
978 2360 1012 2423 in
1039 2359 1212 2423 discrimen
1240 2379 1334 2421 voca-

104 2467 157 2527 tus
180 2464 264 2548 ipse,
292 2464 340 2527 ita
361 2464 538 2547 persentio,
562 2466 599 2528 nt
621 2468 749 2528 tantum
773 2487 839 2529 non
863 2469 1005 2529 mentem
1028 2465 1193 2549 percellat
1238 2461 1334 2542 Nam,

104 2569 190 2654 quod
213 2570 375 2635 Licinium
399 2567 551 2635 Crassum
576 2570 701 2635 Tullius
728 2571 914 2656 loquentem
937 2572 1029 2655 fecit,
1057 2593 1210 2656 magnum
1236 2570 1336 2656 quod-

103 2678 178 2742 dam
211 2681 260 2742 est
296 2698 377 2742 onus
408 2681 504 2761 atque
532 2700 664 2763 munus,
697 2679 860 2763 suscipere
888 2684 985 2765 atque
1011 2679 1170 2763 profiteri,
1203 2699 1236 2741 ae
1266 2699 1336 2741 esse

105 2785 255 2849 omnibus
285 2784 454 2849 silentibus
483 2807 581 2850 unum
609 2786 758 2851 maximis
783 2786 821 2850 de
850 2786 946 2851 rebus
976 2806 1094 2871 magno
1118 2784 1153 2848 in
1176 2786 1336 2847 conventu

106 2891 273 2955 hominum
305 2891 507 2956 audiendum.
552 2890 598 2956 At
626 2893 729 2978 qualis
758 2897 962 2978 quantusque
989 2891 1042 2957 hic
1065 2894 1114 2956 cst
1136 2889 1335 2955 conventus?

104 3019 186 3082 quae
221 3001 254 3062 et
286 3002 409 3082 quanta
438 3000 606 3081 provincia
634 2999 714 3063 mihi
743 2999 958 3064 demandata?
1008 2998 1115 3063 Tanta
1141 2996 1222 3062 mihi
1249 2995 1335 3059 vide-

104 3108 171 3189 tur,
202 3105 380 3191 auditores,
407 3109 444 3170 ut
468 3106 596 3190 singula
618 3108 783 3190 reputanti
807 3106 957 3172 concidat
979 3107 1109 3171 iamiam
1133 3126 1220 3188 spes,
1247 3103 1277 3167 ei
1301 3105 1339 3165 ut

105 3213 301 3295 respondere
330 3213 410 3276 satis
437 3213 569 3296 possim.
614 3212 697 3278 Nam
727 3214 866 3298 primum
895 3213 974 3277 mihi
1004 3211 1172 3277 dicendum
1198 3214 1336 3274 estnon

107 3320 143 3384 in
170 3320 289 3404 oppido
318 3319 486 3402 mediocri,
514 3321 570 3385 sed
598 3322 633 3385 in
661 3321 739 3386 urbe
762 3320 926 3404 primaria,
955 3318 1150 3383 urbanitatis
1174 3339 1212 3382 ac
1235 3317 1336 3380 scien-

109 3426 174 3491 tiae
197 3427 296 3512 longo
322 3449 360 3492 ax
384 3430 529 3508 tempore
553 3425 756 3509 plenissima,
780 3429 812 3489 et
835 3423 1072 3509 quodammodo
1095 3423 1128 3487 in
1152 3423 1225 3506 ipsa
1246 3422 1339 3505 regia

104 3535 179 3600 aula
207 3535 373 3599 doctrinae
403 3533 552 3598 laudibus
580 3532 667 3598 haud
690 3531 894 3597 mediocriter
918 3531 1087 3596 celebrata.
1134 3528 1259 3594 Deinde
1282 3527 1337 3593 hic

104 3643 251 3707 sedentes
285 3641 446 3726 conspicio
481 3640 701 3705 nobilissimos
729 3643 825 3723 atque
853 3639 1091 3703 illustrissimos
1121 3636 1262 3701 civitatis
1290 3636 1337 3699 vi·

104 3772 172 3835 ros,
209 3754 305 3836 atque
343 3751 425 3813 inter
459 3770 514 3812 eos
552 3769 651 3833 quum
683 3747 854 3811 universae
886 3768 944 3830 per
975 3749 1096 3810 terram
1129 3743 1337 3808 Borussicam

104 3880 211 3923 rerum
235 3879 401 3923 sacrarum
427 3860 460 3921 et
483 3854 664 3920 studiorum
688 3852 889 3937 disciplinae,
913 3858 984 3917 tum
1007 3854 1138 3917 nostrae
1161 3849 1208 3913 rei
1231 3848 1337 3932 publi·

105 3987 160 4030 cae
192 3966 369 4029 litterariae
402 3966 567 4028 curatores
600 3957 826 4047 praesidesque
860 3960 1083 4047 gravissimos,
1120 3957 1174 4042 qui
1208 3955 1339 4020 inurba-

103 4094 181 4137 num
218 4071 465 4155 imprudensque
503 4054 638 4134 dictum’
657 4090 811 4154 seponere
845 4067 952 4151 lepido
988 4088 1025 4131 ac
1059 4065 1197 4149 sapienti
1231 4064 1340 4128 sciunt

104 4179 322 4245 callidissime:
356 4178 472 4264 quibus
507 4176 688 4241 orationem
721 4197 825 4239 meam
857 4174 1001 4258 probari,
1035 4177 1072 4237 nt
1099 4192 1216 4255 cupere
1244 4170 1338 4234 vehe-

104 4290 228 4351 menter
256 4286 368 4371 debeo,
396 4287 443 4351 ita
470 4285 523 4349 vix
552 4305 589 4348 ac
617 4306 657 4348 ne
686 4283 739 4348 vix
767 4282 896 4368 quidem
926 4302 1054 4364 sperare
1081 4278 1192 4343 audeo
1241 4277 1340 4341 Prae·

104 4397 193 4458 terea
226 4393 290 4458 huc
322 4394 537 4479 congregatos
576 4390 669 4455 video
707 4393 741 4454 et
773 4389 888 4454 Patres
921 4386 1142 4452 universitatis
1175 4384 1271 4450 huius
1306 4388 1339 4447 et

105 4501 185 4565 alios
213 4499 403 4565 eruditionis
433 4502 530 4585 atque
559 4497 681 4582 ingenii
709 4496 797 4561 fama
823 4498 1028 4582 praestantes
1056 4494 1156 4559 viros:
1190 4493 1246 4577 qui
1274 4515 1339 4577 quo
