2760 4868
564 231 780 296 ..45-

54 392 192 473 singulis
226 394 301 475 apte
335 391 514 475 explicat-is.
566 391 649 455 Dein
682 395 918 456 sacramentum
951 392 1086 456 dictum:
1118 392 1287 459 Prorector

54 500 179 584 gratias
212 499 292 583 egit:
330 520 562 582 campanarum
599 520 712 582 sonus,
748 499 859 583 fragor
891 503 1124 564 tormentorum
1162 503 1285 565 caelum

56 608 222 691 implebat
259 606 297 670 In
318 605 390 669 foro
414 605 538 669 nummi
557 605 661 689 sparsi
685 605 719 669 in
740 605 950 670 dedicationis
973 607 1161 672 memoriam
1181 607 1287 673 fornia

57 713 179 797 triplici
211 712 370 797 percussi,
387 717 438 776 'et
468 712 578 776 sinum
609 712 700 776 fonte
733 713 860 797 gemino
892 713 1077 796 plebeculae
1109 715 1285 798 profusum,

58 821 133 884 dum
160 820 198 884 in
219 820 344 903 templo
371 841 493 882 numen
520 822 724 883 veneramur.
769 819 849 884 Post
872 842 953 903 quae
981 820 1068 884 mille
1096 821 1223 887 ducenti
1250 823 1285 886 in

59 927 182 1010 palatio
214 927 445 1011 epulabantur,
477 926 622 991 doctores
656 926 812 990 ordinarii
844 949 916 991 cum
944 926 1093 991 Electore
1126 932 1158 992 et
1186 928 1285 993 fratre

60 1034 232 1118 legatoque
256 1032 432 1111 Caesareo,
455 1032 510 1096 alii
533 1054 606 1097 cum
630 1032 802 1097 comitibus
826 1038 859 1098 et
882 1033 1005 1117 aulicis,
1029 1038 1060 1098 et
1084 1035 1149 1099 suis
1173 1035 1208 1099 in
1230 1037 1285 1100 tri-

60 1142 165 1205 cliniis
185 1140 326 1206 Ordines
345 1139 603 1224 Magdeburgici3
627 1139 775 1204 universe
795 1144 902 1205 autern
926 1139 967 1204 ad
986 1141 1050 1204 tria
1073 1142 1165 1205 milia
1183 1142 1285 1208 honri-

61 1271 135 1313 num
165 1249 223 1313 illo
252 1247 305 1311 die
334 1247 493 1312 Electoris
525 1246 743 1310 munificentia
771 1247 904 1330 excepti.
954 1247 1115 1312 Postridie
1148 1249 1180 1311 in
1210 1250 1286 1313 aede

61 1354 183 1419 blariae
216 1354 366 1420 doctores
400 1357 433 1418 et
463 1353 613 1438 magistri
644 1357 710 1417 tres
738 1357 771 1417 et
798 1354 1035 1438 qninquaginta
1067 1356 1166 1419 creati
1199 1360 1286 1439 sunt3
1350 1403 1353 1411 -

58 1462 268 1546 digressoque
287 1465 403 1546 postea
421 1460 565 1545 Principi
587 1462 622 1524 in
640 1461 860 1544 publicatione
881 1461 1125 1546 privilegiorum
1144 1461 1286 1527 Christo-

60 1569 179 1653 phorua
203 1566 363 1632 Cellarius
391 1567 507 1632 iterum
535 1568 604 1654 egit
625 1567 756 1653 gratias.
802 1566 892 1631 Nihil
916 1569 987 1633 dico
1016 1569 1054 1632 de
1077 1569 1193 1634 libellis
1218 1591 1287 1654 gra·

59 1676 236 1759 tulatoriis,
260 1675 421 1759 epistoliS,
444 1674 648 1739 carminibus.

146 1781 250 1847 Cuius
277 1783 379 1868 igitur
406 1781 451 1845 rei
478 1803 576 1845 causa
596 1781 676 1846 haec
704 1782 975 1846 commemoravi?
1020 1782 1073 1846 An
1101 1787 1137 1846 ut
1160 1805 1284 1868 compa·

61 1891 184 1956 ratione
214 1889 422 1955 sollemnium
446 1889 710 1972 gravissimorum
740 1889 860 1953 elevem
883 1888 963 1953 haec
991 1890 1124 1955 nostra?
1171 1890 1224 1954 An
1252 1895 1288 1954 ut

60 1998 188 2062 litterae
212 2018 300 2061 nunc
324 1995 485 2060 contemni
510 1999 542 2060 et
565 1995 684 2079 despici
714 2017 753 2058 ex
775 1996 891 2059 horum
914 1997 1072 2061 tenuitate
1095 1997 1287 2062 videantur?

61 2104 195 2169 Minime
229 2125 319 2167 vero:
352 2123 455 2186 neque
487 2102 572 2165 enim
606 2089 675 2166 sine
709 2124 834 2166 summa
866 2103 983 2167 iniuria
1015 2104 1077 2168 dici
1111 2104 1286 2189 quidquam

61 2210 246 2276 istiusmodi
270 2213 388 2293 potest.
424 2207 486 2273 Sed
510 2209 659 2273 illatum
684 2232 722 2272 ex
745 2209 833 2273 illius
858 2210 973 2273 aetatis
996 2210 1128 2295 ingenio
1147 2215 1180 2275 et
1198 2234 1287 2277 more

63 2319 191 2383 illorum
219 2316 388 2380 hominum
417 2319 490 2381 actu
519 2337 623 2400 neque
650 2316 763 2399 inepta
790 2317 949 2381 censenda
976 2320 1064 2401 sunt,
1095 2341 1194 2402 quum
1221 2320 1288 2383 sint

63 2426 113 2509 pia
147 2429 182 2489 et
214 2423 343 2502 decora,
374 2444 432 2487 nec
463 2427 630 2507 tamquam
662 2423 755 2486 unice
787 2427 874 2487 recta
905 2425 1138 2508 suspicienda,·
1154 2448 1236 2509 quae
1269 2449 1288 2489 a

63 2532 210 2616 principe
233 2531 300 2594 sint
323 2535 417 2614 gestu
439 2535 475 2595 ut
497 2530 584 2594 bono
609 2534 641 2594 et
663 2530 843 2594 litterarum
867 2532 1103 2614 amantissimo,
1133 2532 1180 2596 ita
1203 2556 1286 2596 sunr-
1358 2604 1360 2609 ,

64 2645 177 2724 ptuum
211 2642 244 2701 et
270 2659 461 2720 pomparum
489 2636 574 2700 haud
605 2636 700 2700 dubie
732 2637 841 2702 nimio.
892 2637 960 2703 Nos
989 2639 1117 2723 quidem
1150 2640 1287 2703 vidimus

64 2749 239 2831 apparatus
272 2744 520 2827 superbissimos
552 2743 641 2807 brevi
674 2743 788 2808 dilabi:
825 2765 876 2807 res
909 2732 1061 2809 adversae
1093 2746 1287 2810 modestiam

65 2854 256 2935 docuerunt,
287 2871 456 2934 rerumque
488 2850 658 2915 veritatem
691 2851 797 2934 specie
829 2851 920 2916 inani
948 2853 1107 2934 potiorem
1139 2851 1288 2916 iudicare.

66 2962 109 3025 Ac
134 2961 229 3044 siqua
252 2957 375 3043 species
398 2957 557 3040 hodieque
580 2958 814 3041 praetenditur:
839 2981 1033 3043 quamquam
1056 2981 1097 3023 ne
1121 2960 1195 3023 aula
1219 2961 1288 3045 qui-

65 3067 136 3131 dem
158 3071 253 3131 tanta
275 3086 410 3129 munera
433 3064 512 3128 edit:
538 3069 623 3129 certe
647 3089 666 3129 a
690 3065 800 3130 schola
822 3065 1011 3131 eruditionis
1036 3067 1286 3132 ostentationem

65 3173 242 3258 quamlibet
269 3171 422 3236 malueris
454 3171 574 3236 abesse.
630 3171 786 3248 Quocirca
822 3174 849 3237 si
881 3173 1085 3237 excusatione
1116 3174 1183 3237 ulla
1215 3179 1289 3259 eget

65 3281 269 3347 sollemnium
289 3280 405 3344 horum
425 3278 614 3362 simplicitas
634 3302 728 3363 pura3
752 3279 852 3344 habet
873 3281 907 3344 in
931 3281 1088 3365 dignitate
1106 3281 1288 3346 litterarum

65 3394 95 3453 et
117 3388 311 3473 sapientiae,
341 3385 441 3450 habet
466 3385 500 3448 in
524 3384 656 3450 Domini
684 3389 789 3451 nostri
817 3387 975 3452 modestia
999 3388 1157 3471 singulari
1185 3393 1218 3453 et
1246 3390 1287 3453 ab

65 3497 151 3561 omni
174 3494 250 3559 fuco
275 3514 408 3577 prorsus
437 3492 555 3575 aliena,
582 3492 683 3557 habet
704 3493 739 3556 in
762 3493 823 3557 viri
851 3494 1124 3577 excellentissimi,
1154 3495 1209 3578 qui
1236 3518 1287 3560 res

64 3606 192 3667 nostras
222 3604 329 3684 curat,
360 3599 466 3665 indole
498 3600 605 3683 regiae
634 3601 753 3664 mentis
782 3600 956 3664 simillima.
1005 3600 1092 3665 Deus
1122 3602 1186 3665 illis
1215 3624 1287 3666 con-

64 3713 169 3773 servet
186 3707 274 3772 hanc
292 3728 400 3770 rerum
423 3707 680 3771 aestimationem
700 3710 834 3771 rectam:
859 3706 946 3771 Deus
966 3711 1133 3772 conservet
1151 3708 1287 3773 Fridcri-

65 3839 134 3880 cum
153 3814 363 3898 Guilelmum,
385 3813 513 3877 Patrem
532 3814 666 3898 patriae,
689 3814 909 3879 universitatis
927 3820 1056 3879 nostrae
1080 3816 1287 3900 conditorem,

64 3945 132 3987 cum
161 3923 262 3987 domo
288 3920 437 4005 Augusta
464 3921 626 4005 universa,
653 3921 810 4004 nobisque
839 3924 871 3984 et
897 3922 943 3985 rei
971 3923 1118 4005 publicae
1146 3927 1289 4007 praestet

63 4035 254 4115 perpetuum
279 4027 437 4091 bonorum
461 4028 603 4092 omnium
628 4031 791 4092 auctorem
815 4032 848 4092 et
870 4033 1136 4094 conservatorem.
