2760 4868
567 181 788 245 „33-

56 340 274 425 Regiomonte
293 341 403 405 studia
421 341 647 425 absolvissent,
666 342 705 404 iis
725 341 968 425 praerogativae
987 341 1072 406 haud
1093 343 1289 425 spernendae

59 471 244 513 concessae:
270 452 422 531 sumptus
441 449 613 533 quotannis
638 447 863 532 suppeditatus
887 451 1040 534 quattuor
1063 449 1185 512 milium
1208 471 1290 513 mar·

58 577 176 639 canam,
200 556 236 619 in
260 555 319 619 illa
336 555 463 619 vilitate
486 577 592 619 rerum
613 555 772 620 venalium
798 557 877 620 satis
897 556 1059 641 munifice3
1081 555 1156 620 hino
1176 560 1291 640 quarta

60 684 132 746 pars
160 662 366 727 convictibus
395 661 612 726 studiosorum
640 662 867 746 praebebatur,
896 663 1046 727 instituto
1074 663 1230 726 laudabili
1255 663 1288 726 in

61 769 138 832 urbe
161 769 353 853 praesertim
379 768 561 852 frequentia
580 768 748 833 hominum
767 770 893 851 celebri,
916 770 972 834 ubi
993 769 1054 834 etsi
1071 770 1175 834 victus
1195 792 1289 854 quae·

60 876 149 940 rendi
177 876 351 940 iuvenibus
380 875 566 939 sollertibus
597 875 690 959 copia
713 879 775 957 est,
803 879 913 940 tamen
941 877 1026 961 quod
1050 899 1180 941 annona
1204 877 1290 941 haud

62 1005 132 1049 raro
155 984 348 1066 incenditur,
372 985 460 1047 certe
484 1004 584 1066 parvo
608 982 693 1046 haud
711 984 793 1047 bene
812 983 943 1047 vivitur:
968 985 1210 1069 ingravescente
1234 1008 1290 1049 an-

64 1113 148 1155 nona
167 1091 305 1174 querelis
327 1090 510 1155 academiae
529 1095 695 1173 permotus
714 1091 835 1154 reditus
855 1091 954 1174 auxit,
972 1091 1152 1176 fundosque
1171 1091 1290 1157 donare

64 1199 244 1281 constituit,
267 1219 349 1281 quos
369 1200 478 1260 tamen
497 1196 570 1261 lites
590 1197 803 1262 reformidans
822 1198 883 1262 sibi
903 1198 983 1281 eripi
1001 1219 1098 1281 passa
1116 1203 1178 1264 est:
1201 1222 1290 1282 prae-

63 1312 150 1370 terea
168 1304 435 1389 praeceptoribus
455 1303 618 1368 domicilia
636 1304 732 1388 dedit,
756 1326 874 1388 eosque
895 1304 1073 1370 honoribus
1091 1307 1139 1370 ita
1157 1308 1291 1390 ornavit,

64 1416 98 1476 ut
121 1417 303 1477 ceterarum
326 1411 373 1475 rei
396 1411 544 1494 publicae
559 1412 708 1495 partium
732 1411 885 1476 invidiam
909 1412 1095 1497 excitasset,
1123 1415 1150 1477 si
1174 1416 1290 1479 aetatis

65 1520 150 1583 illius
178 1521 300 1584 candor
332 1524 366 1583 ct
393 1519 582 1602 simplicitas
610 1518 751 1583 invidere
784 1519 901 1583 litteris
930 1519 1099 1602 potuisset.
1142 1519 1227 1585 Nam
1256 1523 1291 1586 in

63 1626 175 1690 edictis
192 1625 363 1692 Rectorem
383 1630 416 1689 et
434 1625 635 1710 professores
651 1627 873 1691 universitatis
888 1625 1166 1711 Regiomontanae
1185 1630 1290 1712 primo

64 1733 132 1797 loco
157 1734 279 1817 posuit,
303 1736 379 1817 post
400 1732 461 1796 hos
485 1732 647 1814 dominos,
670 1732 885 1814 nobilitatem,
908 1734 1056 1817 equitem,
1079 1736 1292 1820 ecclesiastes,

62 1840 190 1923 oppida,
213 1843 354 1904 ceteros:
379 1838 530 1923 privatim
556 1838 740 1904 doctoribus
765 1839 812 1904 ita
834 1839 924 1924 favit,
947 1843 984 1903 ut
1007 1839 1162 1906 Stanislai
1186 1841 1291 1926 Rapa·

61 1946 190 2031 gellani,
209 1945 357 2031 theologi
376 1946 522 2029 primarii
542 1947 625 2010 etin
645 1947 755 2029 paucis
778 1947 898 2031 diserti,
921 1953 1024 2012 morte
1043 1950 1164 2032 audita,
1183 1973 1292 2035 quam-

60 2075 158 2138 quam
188 2057 276 2117 esset
303 2058 394 2117 extra
422 2053 548 2136 urbem,
581 2054 678 2118 redux
707 2054 740 2116 in
769 2055 865 2118 funus
893 2056 1093 2140 procederet,
1122 2058 1291 2142 locumque

59 2161 88 2223 ei
120 2161 213 2225 iuxta
246 2181 341 2224 suum
374 2159 607 2224 monimentum
640 2159 744 2243 daret3
777 2163 957 2246 exemplum
989 2162 1149 2245 imitatus,
1181 2168 1218 2227 ut
1246 2165 1292 2228 ait

59 2264 213 2350 Sabinus,
237 2264 399 2350 Scipionis
418 2266 571 2350 Africani,
595 2267 649 2349 qui
669 2265 812 2332 Ennium
835 2268 958 2333 honore
977 2269 1074 2334 simili
1092 2271 1291 2355 dignaverat.

59 2371 202 2436 Sabinus
232 2394 309 2436 vero
338 2376 535 2457 quantopere
564 2373 612 2436 illi
636 2396 728 2440 carus
756 2375 866 2457 fuerit,
895 2398 933 2440 ex
957 2376 1157 2442 documentis
1181 2378 1291 2443 multis

60 2479 168 2543 videre
201 2479 292 2561 lieet,
326 2483 359 2542 et
392 2501 470 2544 sane
502 2480 530 2543 is
562 2480 715 2564 principis
750 2482 926 2546 amicitiam
959 2482 1139 2548 eruditione
1170 2484 1292 2569 insigni

59 2589 238 2650 meruerat:
265 2586 320 2669 qui
343 2586 476 2650 natione
498 2585 690 2669 Marehicus,
714 2587 985 2672 Melanchthonis,
1008 2612 1083 2655 mox
1107 2592 1209 2656 soceri
1234 2592 1291 2673 sui,

58 2692 236 2776 disciplina
269 2691 428 2756 formatus
461 2696 494 2755 et
526 2693 559 2755 in
592 2692 687 2756 ltalia
719 2694 863 2759 excultus
896 2697 1014 2759 artium
1047 2697 1228 2762 liberalium
1260 2704 1292 2763 et

60 2800 140 2863 iuris
170 2798 288 2882 peritia
318 2798 482 2863 excelluit:
511 2798 721 2884 Venetiisque
750 2801 790 2865 ab
818 2800 1018 2887 Alexandro,
1050 2804 1291 2890 archiepiscopo

59 2904 256 2969 Oretanensi
280 2908 313 2969 et
335 2904 545 2988 Brundisino,
571 2907 681 2971 laurea
704 2907 842 2972 donatus
865 2911 899 2972 et
920 2909 961 2973 ad
985 2913 1165 2994 equestrem
1190 2911 1290 2997 digni-

59 3017 163 3079 tatem
178 3017 310 3077 erectus
325 3034 496 3096 comesque
511 3013 603 3076 aulae
618 3013 843 3079 Lateranensis
858 3016 1052 3100 nominatus,
1071 3017 1112 3081 ab
1127 3016 1291 3083 Ioachimo

61 3119 212 3186 Electorc
238 3142 325 3184 anno
350 3119 467 3184 aetatis
490 3121 654 3185 tricesimo
678 3121 712 3185 in
735 3123 976 3187 universitatem
999 3122 1291 3190 Francofurtensen

61 3228 230 3311 professor
253 3226 453 3310 eloquentiae
476 3230 609 3291 vocatus
637 3232 699 3293 est:
729 3251 804 3294 mox
828 3230 1041 3314 Regiomonte
1065 3232 1234 3296 Albertum
1258 3233 1292 3296 in

61 3334 227 3398 academia
260 3330 429 3398 condenda
462 3334 605 3399 consiliis
639 3336 769 3400 adiuvit.
820 3336 1022 3401 Ioachimum
1054 3339 1152 3403 etiam
1181 3337 1292 3405 Came·

61 3442 198 3524 tarium,
226 3440 333 3505 virum
357 3439 579 3505 doctissimum
603 3443 920 3528 celeberrimumque,
948 3443 1022 3508 Dux
1044 3445 1079 3509 in
1102 3447 1291 3511 Borussiam

62 3549 176 3613 elicere
209 3546 354 3611 studuits.
382 3548 438 3612 sed
470 3548 524 3612 ille
558 3550 780 3615 condicionem
814 3552 956 3616 oblatam
988 3552 1179 3635 repudiavit.
1224 3551 1292 3618 Nec

63 3655 219 3739 principis
248 3653 415 3718 molimina
443 3658 475 3719 et
503 3678 593 3739 spem
622 3679 785 3722 successus
816 3657 990 3723 frustratus
1019 3662 1082 3722 est:
1115 3662 1292 3724 conventus

63 3762 258 3826 discentium
288 3761 457 3826 mediocris
485 3763 545 3827 sub
570 3764 658 3847 ipsos
682 3764 809 3829 scholae
833 3764 958 3829 natales
982 3765 1190 3849 confluxerat,
1217 3767 1292 3831 licet

63 3867 210 3932 undecim
244 3872 372 3932 tantum
406 3869 605 3952 professores
638 3876 759 3955 essent,
798 3870 958 3935 discordia
992 3871 1173 3955 doctorum,
1211 3896 1291 3958 quae

65 3974 176 4039 statim
201 3975 295 4039 initio
319 3996 409 4039 more
432 3979 615 4059 temporum
640 3978 770 4042 illorum
794 3982 905 4043 exorta
929 3982 1012 4061 erat,
1036 3979 1120 4061 apud
1144 3983 1291 4043 senatum

65 4080 203 4145 feliciter
221 4083 409 4165 composita.
447 4081 619 4147 Borussiae
638 4107 714 4149 vero
739 4088 896 4169 quantum
914 4083 1066 4149 eilbertus
1086 4086 1292 4169 praestiterit,

65 4189 114 4251 vel
142 4210 193 4252 me
223 4209 290 4253 non
319 4194 471 4254 monente
499 4191 701 4275 perspicitur.
747 4190 832 4255 Nam
861 4214 924 4276 quo
952 4197 1099 4275 tempore
1122 4193 1177 4256 ille
1201 4193 1292 4257 sinus

66 4292 184 4359 Baltici
209 4295 335 4360 accolas
355 4297 396 4360 ad
419 4297 544 4361 litteras
569 4297 799 4381 amplexandas
822 4299 980 4383 invitavit,
1004 4321 1198 4386 quamquam
1213 4300 1292 4364 Vin-

66 4402 151 4466 rieus
166 4401 377 4487 Kniprodius,
395 4401 551 4490 Magister
565 4406 717 4488 equitum,
737 4404 866 4470 saeculo
886 4404 1008 4470 decimo
1028 4412 1143 4492 quarto
1158 4411 1292 4472 exeunte

65 4509 97 4573 in
133 4508 254 4592 oppido
285 4507 447 4575 Culmensi
481 4512 623 4576 scholam
657 4513 698 4576 ad
727 4510 831 4577 Studii
864 4512 1080 4578 Bononiensis
1113 4514 1293 4596 exemplum

117 4622 227 4664 Boeckhlt
243 4625 315 4664 Orate.
1062 4623 1080 4676 8
