2760 4868
613 181 832 246 ..48-

110 342 205 426 culpa
227 341 428 425 Pontificum,
452 363 489 405 cx
508 342 625 427 quibus
645 341 771 425 aliquot
788 363 855 405 non
879 339 973 405 modo
992 341 1118 404 litteras
1139 341 1337 424 spernebant

110 472 147 514 ac
165 449 384 530 fastidiebant,
404 449 458 513 scd
478 450 685 512 sanctitatem
700 470 772 512 cum
791 448 954 531 imperitia
969 470 1065 532 quarn
1080 469 1153 511 eum
1173 447 1336 532 sallientia

110 556 225 622 melius
249 555 418 619 convenire
442 556 648 639 arbitrantes,
671 555 824 639 quidquid
849 554 1062 619 eruditionem
1084 555 1253 638 redoleret,
1279 556 1337 619 im·

109 663 239 747 pietatis
264 662 396 726 crimine
420 661 620 727 damnabant
642 683 680 726 ac
703 661 853 746 religioni
872 662 1085 744 periculosum
1102 661 1337 746 ‚perniciosum-

111 792 172 854 que
197 768 384 851 censebant,
407 769 504 833 sicuti
527 768 687 853 principes
710 767 832 832 indocti
855 789 1027 853 regnorum
1051 767 1219 833 securitati
1242 791 1261 832 a
1284 768 1336 833 lit·

109 876 225 941 teratis
248 879 391 939 metuere
415 874 529 940 solent.
574 875 620 939 Et
647 898 724 940 saue
753 877 780 940 si
810 877 924 961 religio
952 875 1032 940 nihil
1060 898 1080 939 a
1107 874 1336 959 superstitione

112 984 231 1062 differt,
265 982 312 1047 illi
345 983 471 1046 cultura
503 981 616 1065 animi,
644 1004 726 1066 quae
753 981 837 1047 hane
865 983 1009 1065 dispellit
1035 988 1068 1048 et
1096 982 1224 1063 evertit,
1251 980 1337 1045 haud

110 1091 313 1156 mediocriter
337 1091 443 1154 obest:
469 1089 519 1152 siu
543 1089 647 1170 pietas
671 1089 812 1174 genuina
835 1091 875 1154 ab
898 1093 986 1153 recta
1009 1090 1137 1153 divinae
1160 1088 1336 1153 humanae·

111 1221 172 1283 que
195 1202 331 1262 naturae
354 1194 539 1280 cognitione
564 1195 690 1280 seiungi
714 1218 779 1261 non
803 1200 924 1280 potest,
947 1195 1112 1261 doctrinae
1136 1195 1239 1260 lucem
1263 1196 1337 1260 reli-

111 1306 165 1391 gio
197 1328 265 1372 non
297 1302 497 1368 detrectabit.
554 1301 676 1377 Quodsi
711 1304 864 1368 ecclesiae
896 1304 1036 1367 ministri
1068 1307 1153 1366 artes
1185 1302 1337 1366 liberales

111 1413 282 1498 diligenter
305 1410 494 1490 coluissent,
522 1409 654 1492 ingenia
682 1409 797 1473 studiis
811 1396 1107 1494 ¹praestantissimis
1131 1410 1337 1493 formassent,

111 1521 282 1602 aluissent,
314 1516 544 1599 exercuissent,
577 1516 720 1599 profecto
748 1539 850 1601 neque
879 1517 1101 1582 institutiones
1130 1517 1257 1580 divinae
1286 1519 1338 1580 tot

111 1627 263 1692 humanis
291 1623 419 1708 placitis
449 1627 635 1704 exornatae,
668 1626 718 1688 tot
746 1625 930 1710 praestigiis
958 1625 1087 1688 fucatae
1115 1629 1148 1689 et
1175 1626 1337 1701 oneratae,

111 1734 249 1817 denique
277 1731 424 1795 formulis
458 1734 525 1793 tam
559 1731 703 1794 molestis
736 1731 905 1796 conclusae
939 1735 971 1796 et
999 1732 1192 1796 constrictae
1220 1733 1338 1811 essent,

111 1863 171 1904 uec
194 1837 347 1903 mortales
369 1860 467 1921 quum
490 1837 530 1900 ad
549 1837 734 1901 libertatern
753 1838 832 1921 nati,
856 1842 926 1902 tum
949 1860 987 1902 ex
1007 1839 1244 1921 superstitionis
1268 1838 1337 1900 vin-

112 1946 192 2010 culis
222 1944 343 2010 Christi
376 1944 477 2027 ipsius
507 1944 679 2028 disciplina
706 1945 861 2009 vindicati
893 1967 1012 2010 novam
1039 1949 1072 2009 ct
1099 1943 1337 2009 intolerandam

112 2053 301 2125 servitutem
335 2051 517 2115 animorum
550 2051 724 2134 subissent,
756 2072 820 2134 qua
851 2072 906 2116 eos
934 2074 1038 2136 neque
1067 2052 1196 2116 scholae
1224 2053 1289 2115 iam
1318 2073 1339 2114 a

112 2157 228 2223 Carolo
252 2157 372 2242 Magno
396 2157 606 2241 instauratae,
628 2180 687 2222 nec
712 2158 897 2223 scholastici
920 2159 1103 2243 philosophi
1128 2159 1335 2243 opinionibus

111 2267 249 2350 receptis
273 2268 396 2349 partem
420 2265 593 2329 maximam
617 2266 704 2349 capti
727 2266 891 2331 exsolvere
914 2269 1097 2349 potuerunt.
1139 2265 1215 2329 Plus
1239 2287 1338 2350 quam

112 2373 176 2436 illis
196 2372 329 2436 debetur
351 2372 431 2455 ipsis
451 2369 628 2437 Christiani
651 2373 791 2437 nominis
813 2373 961 2437 hostibus
981 2373 1103 2452 Turcis,
1127 2373 1180 2456 qui
1202 2371 1339 2436 Graecia

112 2483 208 2563 capta
235 2483 268 2543 et
295 2482 479 2562 expugnata
508 2475 793 2563 Constantinopoli
822 2478 963 2544 eruditos
993 2480 1028 2543 in
1051 2479 1179 2549 Italiam
1207 2481 1338 2562 pepule-

111 2591 201 2671 runt,
229 2586 345 2670 quibus
368 2606 425 2668 per
449 2585 605 2669 quosdam
629 2586 719 2670 quasi
749 2586 968 2669 exploratores
992 2587 1081 2669 prius
1110 2609 1147 2650 eo
1172 2586 1337 2670 profectos

112 2694 163 2757 via
200 2697 270 2757 erat
301 2692 474 2777 patefacta.
529 2691 610 2756 Tum
641 2693 825 2777 linguarum
863 2694 982 2775 studia,
1019 2692 1160 2757 Graecae
1197 2693 1338 2757 maxime

112 2801 240 2865 diffusa:
265 2803 297 2863 et
319 2801 380 2864 fari
405 2820 485 2883 quae
510 2801 667 2864 sentirent
689 2799 764 2864 Itali
789 2800 887 2882 docti,
917 2823 954 2864 ex
980 2823 1043 2885 quo
1068 2799 1231 2879 Petrarca,
1255 2799 1338 2865 Boc-

110 2909 247 2991 caccius,
277 2905 470 2972 Laurentius
500 2907 607 2989 Valla,
636 2906 821 2971 Leonardus
845 2905 973 2971 Brunus
997 2907 1164 2984 dratinus,
1192 2906 1338 2992 Poggius

109 3013 327 3096 Florentinus,
359 3013 514 3078 Nicotaus
544 3012 708 3098 Perottus,
739 3013 929 3079 Franciscus
958 3013 1158 3097 Philelphus,
1190 3013 1335 3099 Angelus

109 3120 304 3204 Politianns,
336 3122 392 3185 alii
421 3121 482 3185 viri
510 3120 661 3185 industrii
684 3125 717 3185 et
739 3122 900 3206 ingeniosi
923 3123 1042 3205 partim
1066 3121 1171 3186 fontes
1195 3122 1337 3205 antiqui-

108 3228 186 3291 tatis
218 3232 425 3310 aperuerunt,
458 3227 578 3311 partim
607 3229 764 3292 sermonis
792 3230 935 3312 puritate
963 3228 1107 3310 reducta,
1140 3227 1336 3312 elegantiam

112 3334 179 3398 stili
203 3336 235 3397 et
258 3334 473 3418 eloquentiam
499 3334 717 3398 ostenderunt.
763 3335 1004 3401 Aristotelicam
1029 3357 1103 3400 vero
1127 3334 1338 3420 theologiam,

110 3442 161 3506 cui
191 3463 244 3505 ars
273 3440 466 3504 scholastica
495 3441 759 3527 adhaerescebat,
789 3443 1030 3508 Platonicorum
1059 3447 1147 3507 secta
1174 3447 1242 3506 tum
1271 3444 1337 3525 pri-

110 3571 197 3612 mum
220 3547 388 3633 perfregit,
417 3569 474 3631 per
497 3547 671 3634 Georgium
696 3549 901 3635 Gemistium,
924 3550 1164 3631 Bessarionem,
1187 3548 1335 3614 Marcum

109 3654 285 3735 Musarum,
310 3654 465 3719 Ioannem
490 3654 600 3719 Picum
624 3655 899 3740 Mirandulanum,
927 3657 1108 3721 Marcilium
1131 3655 1280 3720 Ficiuum
1304 3661 1336 3720 et

109 3761 306 3826 academiam
335 3759 534 3826 Platonicam
566 3763 614 3827 ita
642 3764 772 3828 firmata
804 3767 836 3828 et
869 3769 976 3843 aucta,
1009 3768 1045 3828 ut
1076 3763 1193 3828 decora
1219 3762 1336 3827 Italiae

109 3869 288 3933 clarissima
320 3872 352 3931 et
388 3868 592 3933 nobilissima
628 3871 662 3934 in
694 3875 803 3954 partes
837 3894 912 3936 suas
944 3871 1096 3935 traheret.
1151 3870 1336 3935 Accedebat

108 3974 324 4060 typographia
357 3997 466 4039 recens
497 3975 642 4059 inventa,
675 3979 765 4042 cuius
801 3977 995 4043 adminiculo
1029 3978 1170 4061 optimus
1200 3978 1334 4063 quisque

107 4081 191 4145 liber
222 4081 288 4145 late
321 4082 607 4167 disseminabatur,
645 4086 827 4169 excogitata
864 4085 958 4149 citius
992 4107 1087 4169 quam
1125 4106 1216 4168 voce,
1254 4107 1335 4169 quae

108 4191 218 4253 tamen
251 4188 338 4252 alata
370 4189 469 4272 dicta,
500 4190 549 4253 vel
582 4191 615 4254 in
644 4195 784 4257 remotas
819 4193 1032 4276 portabantur
1058 4195 1172 4255 terras.
1222 4191 1334 4278 Neque

108 4285 354 4360 universitatum
378 4296 577 4380 institutum,
606 4320 741 4382 quarum
764 4321 916 4364 numerus
939 4298 1025 4363 haud
1048 4299 1182 4384 exiguus
1207 4299 1334 4364 saeculo

109 4402 221 4486 quinto
250 4403 372 4468 decimo
404 4405 549 4489 emersit,
582 4427 775 4490 quamquam
809 4406 1074 4472 scholasticorum
1102 4407 1245 4472 tenebris
1279 4407 1334 4472 ob·

109 4514 281 4594 scuratum,
303 4513 399 4595 plane
423 4514 492 4576 turn
516 4512 630 4576 inutile
649 4513 721 4597 fuit,
744 4513 829 4597 quod
853 4514 985 4579 iuvenes
1007 4515 1133 4598 ingenti
1151 4515 1335 4598 frequentia
