2760 4868
685 186 728 250 02
775 223 814 231 „.

93 369 189 432 quarn
217 342 356 410 maxime
383 345 490 410 colia
518 346 704 411 civitatibus
732 346 885 429 debeant,
912 345 1055 428 reposita
1083 367 1152 409 esse
1180 366 1251 410 meo
1274 345 1336 413 iun

94 454 177 520 dicio
201 457 352 539 nequeat,
380 453 491 537 paucis
514 453 686 536 declaravi,
706 436 892 535 auditores,
920 457 957 516 ut
980 455 1135 536 quantum
1159 451 1228 516 fieri
1252 473 1323 516 ora·

94 561 183 626 tione
211 563 332 644 potest,
359 582 423 644 qua
450 581 515 625 non
539 560 602 624 nisi
632 561 739 643 capita
767 559 923 644 quaedam
953 558 1136 642 decerpere,
1163 558 1246 622 nihil
1270 580 1322 624 co·

93 668 185 751 piose
218 672 250 732 et
287 666 449 730 subtiliter
480 667 639 751 explicare
676 667 805 750 suisque
842 666 970 730 firmare
1002 665 1202 749 argumentis
1238 665 1322 749 licet,

95 796 256 859 quaenam
288 773 375 837 inter
406 794 473 837 rem
507 773 667 856 publicam
700 773 889 857 litterasque
922 772 1105 837 coniunctio
1137 771 1323 857 intercedat,

95 885 180 945 recte
223 880 474 964 consideremus,
514 881 724 963 repetendum
762 879 872 963 paullo
910 879 1006 942 altius
1043 878 1177 944 videtur.
1235 879 1321 945 Nam

96 987 181 1071 apud
210 987 453 1071 antiquissimos
482 986 623 1051 Orientis
651 987 801 1070 populea,
830 986 885 1069 qui
913 987 1024 1050 tenuia
1051 986 1231 1050 litterarum
1259 988 1322 1070 pri·

95 1093 220 1158 mordia
247 1093 452 1176 invenerunt,
480 1093 633 1178 quidquid
657 1093 822 1158 doctrinae
848 1095 931 1176 erat,
959 1114 1022 1156 una
1049 1114 1121 1156 cum
1146 1114 1251 1157 rerum
1276 1093 1322 1157 di-

94 1200 241 1264 vinarum
269 1222 346 1264 cura
360 1204 502 1264 *constat
530 1222 627 1283 penes
656 1199 837 1264 sacerdotes
865 1198 977 1263 fuisse:
1009 1198 1202 1264 documento
1233 1200 1319 1266 locu·

94 1306 187 1390 pleti,
224 1306 365 1371 divinam
403 1328 472 1370 esse
510 1307 697 1371 eruditionis
732 1306 888 1390 originem
921 1306 1037 1370 visam:
1075 1328 1139 1390 quo
1175 1309 1320 1391 tempore

95 1412 233 1477 eruditio
260 1434 327 1476 non
355 1418 422 1476 tam
450 1435 470 1477 a
497 1413 628 1478 civitate
656 1417 786 1497 recepta
813 1417 846 1476 et
873 1412 941 1477 alta
968 1417 1030 1495 est,
1062 1404 1158 1496 quam
1187 1415 1219 1477 in
1248 1414 1319 1497 ipso

95 1519 235 1584 civitatis
264 1525 419 1604 prytaneo
447 1524 613 1604 tamquam
641 1542 732 1585 sacra
759 1519 880 1584 Vestae
911 1519 1040 1583 fianuna
1070 1522 1102 1583 et
1135 1520 1242 1586 vitalis
1275 1522 1320 1585 rei

95 1625 243 1710 publicae
284 1648 363 1691 aura
403 1649 529 1691 summa
570 1648 642 1690 cum
678 1627 858 1691 reverentia
894 1628 927 1690 et
962 1625 1117 1710 religione
1153 1628 1320 1693 collocata.

96 1732 199 1809 Quam
232 1732 382 1816 deinceps
416 1734 594 1798 cultissima
626 1731 821 1799 Graecorum
853 1733 943 1797 natio
980 1755 1018 1796 ex
1054 1732 1111 1796 illo
1150 1734 1249 1816 adyto
1286 1735 1319 1798 in

94 1840 198 1904 lucem
231 1845 263 1904 et
295 1844 505 1924 conspectum
536 1840 705 1905 hominum
737 1839 902 1924 produxit,
934 1860 973 1903 ex
1006 1861 1069 1923 quo
1102 1842 1270 1904 materiam
1301 1865 1321 1906 a

95 1947 315 2012 sacerdotibus
343 1946 382 2009 ad
411 1952 522 2029 poetas
545 1947 738 2011 translatam
763 1968 913 2030 excepere
941 1947 1036 2029 primi
1062 1947 1249 2032 philosophi
1273 1972 1320 2013 re·

95 2075 228 2138 rumque
252 2054 435 2137 scriptores,
458 2053 513 2138 qui
536 2054 656 2118 sabulis
680 2055 764 2118 inter
787 2075 821 2117 se
844 2053 1021 2137 dispertitis
1045 2055 1138 2118 alteri
1161 2055 1321 2138 physices,

95 2161 188 2225 alteri
220 2160 375 2225 historiae
407 2160 502 2225 initia
533 2161 608 2226 inde
641 2161 829 2225 elicuerunt.
878 2159 930 2225 Ita
957 2161 1078 2226 factum
1107 2167 1169 2244 est,
1199 2165 1238 2226 ut
1267 2163 1320 2228 do·

95 2267 231 2350 ctrinae,
261 2288 397 2350 quarum
425 2268 501 2332 olim
531 2267 706 2332 seminibus
735 2266 935 2333 sacerdotum
965 2267 1102 2352 collegia
1126 2289 1193 2332 rem
1218 2269 1321 2353 publi-

94 2394 165 2437 cam
188 2373 291 2457 ipsam
320 2377 483 2457 rexerant,
509 2373 681 2438 imminuta
709 2374 899 2441 sacerdotali
926 2374 1161 2439 auctoritatae
1188 2374 1320 2440 deorum

94 2479 284 2545 ministeriis
313 2484 501 2565 segregatae
528 2481 622 2565 quasi
645 2481 764 2545 liberae
787 2483 996 2566 vagarentur,
1027 2502 1086 2546 nec
1115 2503 1213 2565 quum
1242 2482 1319 2546 divi-

95 2608 207 2651 narum
231 2609 337 2651 rerum
365 2587 527 2652 institutio
550 2588 701 2652 universa
723 2588 756 2651 111
782 2587 985 2652 caerimoniis
1014 2589 1133 2671 partim
1162 2590 1321 2654 sacrificu-

94 2694 199 2759 lorum
222 2695 341 2779 partim
367 2694 562 2758 familiarum
591 2695 842 2778 curaetraditis
869 2697 1066 2778 versaretur,
1094 2696 1223 2779 publiea
1246 2719 1321 2762 vero

95 2801 266 2886 disciplina
293 2802 397 2866 solam
425 2800 569 2866 musicen
595 2805 629 2866 et
655 2800 800 2885 corporis
829 2801 1089 2865 exercitationem
1117 2804 1322 2886 comprehen-

94 2908 197 2993 deret,
224 2909 362 2993 publicis
388 2908 544 2993 impensis
573 2907 814 2972 adiuvarentur:
846 2907 945 2971 immo
974 2912 1023 2988 ut,
1056 2909 1141 2993 quod
1170 2911 1322 2993 supersti-

93 3017 200 3081 tiones
226 3015 354 3100 publice
378 3015 519 3079 sancitas
548 3014 797 3099 oppugnabant,
824 3013 998 3096 impietatis
1029 3014 1164 3079 subinde
1187 3016 1320 3081 circum·

94 3122 280 3187 venirentur
308 3122 450 3188 crimine.
499 3119 593 3186 Unde
621 3122 648 3185 si
675 3143 734 3186 nec
762 3121 909 3186 civitates
938 3142 1040 3205 neque
1070 3121 1196 3186 litterae
1224 3123 1321 3188 detri-

94 3233 238 3294 mentum
266 3233 432 3313 ceperunt,
462 3227 542 3292 haec
561 3220 739 3312 'potissima
767 3249 864 3293 causa
891 3235 953 3311 est,
985 3227 1072 3313 quod
1101 3232 1186 3293 artes
1216 3229 1320 3294 bonae

95 3358 152 3400 sua
183 3335 327 3420 ipsarum
358 3334 558 3420 praestantia
585 3334 819 3417 amplissimum
848 3339 880 3399 et
908 3334 1122 3399 clarissimum
1154 3357 1322 3421 quemque,

94 3447 127 3507 et
153 3443 207 3527 qui
236 3443 320 3526 apud
347 3464 422 3507 suos
449 3441 623 3525 plurimum
646 3442 782 3526 valeret,
810 3442 857 3505 ita
880 3442 1067 3524 allexerunt,
1096 3445 1131 3506 ut
1158 3463 1225 3507 non
1254 3465 1322 3508 mo·

93 3549 135 3614 do
163 3550 266 3615 doctis
294 3549 410 3613 eximie
438 3548 572 3632 faveret,
605 3569 709 3633 neque
737 3548 811 3613 ullis
844 3548 1026 3631 sumptibus
1057 3548 1092 3611 in
1123 3547 1187 3611 illis
1217 3570 1321 3613 remu·

94 3657 243 3722 nerandis
266 3659 420 3740 parceret,
443 3654 500 3718 sed
524 3655 729 3720 doctissimus
752 3655 822 3738 ipse
845 3659 938 3737 esset,
963 3660 996 3718 et
1018 3654 1103 3739 quod
1127 3676 1165 3718 ca
1188 3656 1321 3720 omnino

94 3764 180 3829 illius
213 3764 328 3829 aetatis
361 3761 539 3827 liberalitas
572 3764 653 3844 erat,
691 3764 727 3824 ut
763 3762 816 3846 qui
853 3762 961 3839 rebus¹
985 3761 1133 3845 gerendis
1167 3761 1322 3825 excellere

96 3871 227 3956 vellent,
259 3869 448 3935 eruditionis
477 3868 640 3953 elegantia
672 3871 705 3932 et
736 3867 883 3932 ubertate
911 3869 1024 3932 ceteris
1053 3889 1122 3933 sese
1154 3871 1321 3951 praestare

95 3977 210 4042 debere
233 3976 477 4041 arbitrarentur.
524 3974 616 4051 Quod
639 3974 694 4038 ubi
717 3974 802 4058 dico,
828 3995 895 4038 non
917 3973 1086 4058 Periclem,
1110 3973 1322 4057 Alcibiadem,

95 4083 243 4169 Critiam,
279 4083 531 4148 Demosthenem
563 4081 704 4165 appello,
741 4081 796 4166 qui
827 4082 860 4144 in
892 4103 925 4145 re
957 4082 1087 4165 publica
1119 4080 1323 4164 Atheniensi,

95 4190 200 4255 omnis
236 4190 363 4275 generis
400 4189 581 4254 litterarum
614 4191 761 4272 parente,
798 4209 924 4252 summa
961 4189 1100 4253 assecuti
1137 4191 1227 4253 sunt:
1265 4189 1321 4253 sed

95 4296 180 4380 apud
202 4296 293 4379 ipsos
315 4296 496 4380 Romanos,
522 4295 710 4360 bellicosum
733 4295 902 4378 populum,
929 4317 968 4358 ex
992 4316 1055 4378 quo
1079 4295 1194 4360 cultior
1217 4295 1322 4360 erudi-

93 4403 141 4467 tio
175 4402 379 4468 disseminari
411 4406 531 4488 coepta·
557 4406 620 4487 est,
653 4401 725 4486 quis
753 4401 858 4466 nescit
888 4422 988 4485 prope
1017 4401 1179 4465 neminem
1211 4402 1322 4486 fuisse,

68 4505 135 4577 qui
157 4507 264 4568 rebus
291 4510 451 4591 gerendis
486 4509 775 4576 immortalitatem
809 4507 952 4575 nominis
987 4508 1142 4592 consequi
1170 4508 1323 4591 studeret,
