2760 4868
613 186 830 252 ..52-

110 347 249 432 monuit,
273 347 356 431 quod
380 348 452 413 iura
474 347 586 431 populi
605 347 756 432 tutanda,
779 345 865 431 quod
888 346 1054 411 servitium
1075 347 1260 413 animorum
1286 369 1336 414 ax·

111 453 297 519 cutiendum
320 454 469 538 suscepit
513 453 559 519 At
580 454 665 520 idem
684 457 884 540 quantopere
908 453 1034 536 plebem
1059 453 1098 518 ad
1118 455 1335 521 obedientiam

111 560 355 645 magistratibus
377 562 606 646 praestandam
634 560 823 626 cohortatus
852 561 907 644 sit,
935 565 1043 625 motus
1071 562 1278 627 turbulentos
1305 567 1339 627 et

110 667 272 732 licentiam
306 670 469 734 aratorum
502 669 683 755 castigarit,
715 667 871 752 populare
904 667 1073 751 imperium
1105 670 1337 754 perstrinxerit,

111 795 178 838 non
202 776 252 839 est
275 775 359 859 quod
382 775 422 840 iis
446 797 617 860 exponam,
642 776 695 860 qui
719 774 821 858 ipsius
845 773 965 858 scripta
988 774 1134 859 legerint.

201 880 271 946 Iam
298 882 353 946 ubi
377 881 545 966 quaeritis,
573 881 748 964 auditores,
776 880 851 965 quid
880 880 923 944 sit
949 880 1034 964 quod
1064 881 1163 945 cultui
1191 882 1337 968 ingenio·

111 1009 184 1052 rum
206 1009 357 1074 magnam
382 989 535 1054 ecclesiae
558 988 780 1053 emendatione
802 987 974 1052 utilitatem
999 986 1132 1052 allatam
1155 988 1338 1072 iudicarim3

112 1098 150 1159 ut
176 1098 300 1161 taceam
331 1095 369 1159 de
396 1095 509 1180 lingua
538 1095 710 1161 vernacula
737 1116 794 1178 per
821 1093 998 1158 Lutherum
1031 1096 1160 1180 egregie
1189 1094 1339 1182 formata,

112 1200 173 1266 hac
199 1224 265 1267 una
291 1202 501 1286 responsione
530 1202 769 1267 satisfacturum
798 1223 849 1265 me
878 1221 1005 1284 censeo,
1039 1202 1066 1265 si
1094 1203 1235 1285 puritate
1263 1203 1338 1269 reli-

113 1308 220 1393 gionis
244 1309 374 1373 reducta
395 1309 502 1373 dixero
527 1309 790 1393 superstitionem
814 1310 940 1391 pulsam
964 1312 997 1372 et
1019 1308 1154 1373 liberam
1178 1309 1338 1375 derebus

115 1416 316 1499 gravissimis
345 1416 602 1500 disquisitionem
630 1416 739 1500 generi
767 1415 911 1480 humano
940 1415 1095 1479 redditam
1125 1438 1204 1481 esse.
1255 1416 1339 1494 Quid

115 1522 200 1587 enim
229 1522 347 1588 litteris
375 1523 524 1588 infestius
552 1544 647 1607 quam
677 1522 886 1606 superstitio?
915 1521 991 1606 quid
1019 1522 1197 1588 studiorum
1227 1523 1340 1588 alacri·

114 1636 216 1693 tatem
240 1630 344 1713 magis
367 1629 522 1712 retardat,
551 1629 626 1713 quid
655 1629 773 1693 mentis
797 1628 898 1692 aciem
922 1629 1026 1713 magis
1050 1629 1219 1714 obtundit,
1241 1651 1340 1714 quam

116 1736 292 1801 auctoritas
315 1737 501 1821 imperiosa,
529 1740 563 1800 in
587 1759 651 1821 qua
674 1736 701 1800 si
729 1734 928 1818 acquiescere
957 1736 1159 1801 assuefactus
1187 1736 1246 1820 sis,
1272 1737 1340 1817 iam

114 1863 182 1906 uon
205 1864 286 1926 opus
310 1844 353 1907 sit
374 1847 412 1906 ut
435 1844 502 1927 ipse
527 1842 702 1928 acquiras?
743 1839 935 1925 Superstitio
960 1839 1134 1926 Socratem,
1157 1864 1221 1927 quo
1244 1864 1340 1907 nemo

115 1951 259 2013 veterum
283 1950 323 2014 ad
351 1953 470 2014 rectam
500 1948 560 2014 Dei
588 1949 806 2035 coguitionem
839 1949 971 2033 propius
1004 1953 1195 2034 accesserat,
1227 1950 1342 2035 impie-

115 2056 195 2120 tatis
223 2060 409 2122 accusatum
438 2078 561 2121 veneno
590 2056 730 2138 necavit,
765 2055 1007 2140 Anaxagoram,
1039 2056 1094 2140 qui
1121 2057 1244 2140 primus
1274 2056 1341 2121 fere

115 2162 155 2226 de
178 2167 286 2227 mente
309 2163 419 2228 mundi
444 2163 667 2248 gubernatrice
691 2161 939 2246 philosophatus
964 2165 1022 2245 est,
1046 2162 1183 2247 quodsi
1208 2162 1246 2227 de
1271 2163 1341 2229 sole

116 2268 202 2332 aliud
232 2272 327 2353 atque
351 2269 605 2335 Atheniensibus
635 2269 814 2353 placuerat,
844 2267 954 2334 eodem
984 2269 1116 2333 crimine
1144 2269 1342 2335 circumven-

116 2378 185 2440 tum
209 2377 242 2441 iu
263 2377 408 2441 exsilium
433 2377 538 2460 eiecit,
561 2376 748 2441 caelestium
769 2375 938 2460 globorum
958 2376 1103 2441 ordinem
1122 2399 1142 2442 a
1160 2374 1341 2460 (lopernico

116 2483 305 2568 indagatum
333 2482 498 2548 Romanae
526 2483 632 2548 curiae
660 2484 787 2547 decreto
816 2483 962 2566 confixit3
991 2482 1169 2548 Galilaeum
1194 2481 1343 2570 Galilaei,

116 2592 250 2654 naturae
277 2612 395 2656 arcana
422 2591 487 2655 alte
515 2593 707 2674 scrutatum,
735 2589 776 2653 ad
804 2610 962 2653 carcerem
990 2590 1218 2655 condemnavit
1246 2594 1279 2655 et
1306 2591 1342 2656 in

117 2718 276 2761 secessum
308 2698 478 2784 relegarit:
515 2696 652 2782 denique
683 2700 734 2762 tot
766 2697 868 2760 viros·
888 2697 1050 2780 sapientes
1087 2698 1343 2783 innocentesque

118 2804 223 2868 omnis
247 2805 374 2889 generis
401 2806 596 2870 cruciatibus
624 2828 661 2871 ac
688 2805 800 2889 poenis
828 2804 969 2868 tradidit.
1015 2803 1098 2880 Quid
1126 2826 1201 2868 vero
1231 2811 1343 2870 aucto-

117 2910 198 2974 ritas
221 2911 412 2976 hominum?
449 2911 566 2978 Nonne
590 2913 644 2997 qui
668 2934 706 2976 ea
729 2933 763 2975 se
786 2911 964 2995 constringi
988 2914 1020 2974 et
1042 2912 1147 2976 teneri
1167 2913 1344 2998 patiantur,

118 3021 175 3082 aut
207 3018 292 3083 leves
326 3022 359 3082 et
390 3020 499 3085 auimo
527 3019 704 3103 imbecillo,
737 3022 794 3083 aut
824 3018 920 3081 rudes
948 3021 1043 3102 atque
1071 3018 1252 3102 imperitos,
1286 3024 1344 3084 aut

118 3124 323 3190 simulatores
355 3125 499 3192 videmus
533 3127 624 3193 esse?
679 3125 767 3202 Quae
800 3148 897 3209 quum
930 3125 977 3189 ita
1009 3125 1088 3208 sint,
1120 3147 1158 3190 ea
1190 3126 1344 3191 ecclesiae

119 3231 305 3296 constitutio
328 3253 458 3297 necesse
481 3238 531 3299 est
554 3234 671 3298 litteris
699 3233 909 3297 conducibilis
938 3232 992 3311 sit,
1021 3232 1141 3315 inqua
1169 3232 1343 3297 auctorita·

117 3341 183 3400 tem
216 3336 384 3401 hominum
416 3339 546 3423 impune
579 3340 677 3405 liceat
709 3338 873 3424 defugere,
906 3360 1013 3403 sacros
1047 3338 1153 3402 fontes
1187 3337 1275 3402 adire
1309 3342 1343 3403 et

119 3442 317 3526 examinare,
344 3449 507 3528 postremo
532 3447 570 3510 de
598 3449 715 3511 natura
738 3468 845 3510 rerum
869 3445 1048 3509 divinarum
1073 3448 1104 3508 et
1126 3443 1342 3509 humanarum

118 3549 218 3615 libere
251 3551 380 3617 sentire.
429 3551 529 3617 Cuius
558 3554 685 3638 generis
714 3552 900 3637 disciplinae
931 3558 1129 3637 quantopere
1165 3553 1342 3617 iuventutis

119 3657 311 3722 erudiendae
335 3679 411 3724 cura
440 3660 617 3745 impensior
639 3661 811 3754 coniuncta
834 3659 889 3743 sit,
916 3682 983 3724 non
1012 3661 1115 3725 solum
1145 3681 1182 3723 ex
1210 3682 1245 3724 re
1272 3661 1343 3744 ipsa

119 3769 223 3849 patet,
247 3765 301 3829 sed
325 3766 422 3830 etiarn
446 3767 613 3852 temporis,
636 3767 720 3852 quod
744 3768 923 3831 insecutum
948 3769 1009 3849 est,
1038 3765 1236 3849 experientia
1258 3787 1343 3830 com-

119 3872 286 3956 probatur.
332 3872 535 3959 Quapropter
558 3874 718 3938 Lutherus
742 3872 824 3937 nihil
849 3872 1011 3957 antiquius
1034 3873 1163 3956 habuit,
1186 3894 1283 3956 quam
1307 3877 1344 3936 ut

120 3980 280 4064 principes
310 3981 468 4066 urbesque
497 3982 536 4045 ad
564 3981 691 4047 scholas
720 3980 902 4046 condendas
930 3980 1092 4045 incitaret:
1124 4001 1229 4064 neque
1257 3981 1342 4045 enirn

121 4087 259 4153 civitatis
281 4089 366 4153 vires
390 4092 423 4153 et
446 4090 582 4153 salutem
605 4091 734 4152 tantum
763 4087 796 4151 in
826 4088 941 4172 opibus
965 4087 1168 4173 colligendis,
1196 4087 1231 4151 iu
1259 4087 1342 4151 aedi—

121 4193 200 4259 ficiis
224 4194 440 4279 elegantibus,
464 4195 539 4278 viis,
567 4195 735 4278 pontibus,
763 4195 935 4279 aggeribus
963 4214 1082 4279 magno
1111 4197 1241 4278 sumptu
1269 4215 1343 4258 con·

120 4301 264 4383 structiS,
292 4302 326 4366 in
354 4301 495 4366 castellis
523 4302 768 4386 moenibusque,
795 4302 829 4365 in
857 4302 1114 4366 armamentariis
1143 4301 1282 4365 telorum
1311 4305 1344 4363 et

120 4412 353 4474 tormentorum
382 4430 419 4473 ac
446 4408 612 4473 thoracum
646 4408 786 4493 refertis,
815 4409 931 4493 quibus
959 4409 1059 4492 copiis
1087 4409 1143 4473 ubi
1177 4408 1255 4472 mali
1288 4413 1344 4473 aut

121 4515 231 4581 stolidi
255 4515 402 4580 homines
430 4519 609 4599 uterentur,
637 4515 741 4579 maior
768 4516 935 4580 afferretur
957 4514 1115 4599 pernicies
1138 4537 1233 4599 quam
1258 4536 1343 4580 com-
