2760 4868
562 196 779 260 „29-

56 353 203 418 meruerit
239 373 279 416 ac
315 356 433 417 nostra
463 350 642 419 Fridericus
674 352 866 435 Guilelmus3
900 356 935 415 ut
968 373 1005 416 ex
1039 353 1280 437 comparatione

57 460 187 542 exempli
205 458 418 543 nobilissimi,
437 459 464 522 si
478 459 546 523 lieri
561 481 618 544 per
636 481 740 524 meam
759 460 949 524 tenuitatem
968 463 1085 545 potest,
1105 459 1280 525 conditoris

58 589 91 631 ac
116 567 264 650 parentis
297 567 404 631 nostri
433 566 553 650 gloriae
586 567 803 632 accessionem
836 589 988 650 quaeram
1019 569 1280 652 qualemcunque.

140 674 316 738 Albertum
356 671 443 755 dico,
483 671 703 738 Marchiouem
740 672 1100 758 Braudenburgeusem‚
1140 675 1280 757 primum

61 783 175 847 Ducem
213 780 405 861 Borussiae,
447 779 502 863 qui
544 779 606 843 sibi
648 780 811 844 academia
851 779 1111 864 Regiomcntana
1152 781 1281 845 condita

10 894 12 973 j
62 889 279 953 aeternitatem
302 886 446 951 nominis
470 888 677 970 comparavit.
723 887 755 952 Is
779 887 863 951 filius
887 885 1053 971 Frfflerici,
1083 886 1280 953 Marchionis

10 982 12 1031 Ι
62 995 323 1078 0nolsbacensis,
358 1015 461 1077 nepos
494 992 620 1057 Alberti
655 992 804 1072 Achillis,
841 993 896 1077 qui
934 996 967 1057 et
997 992 1132 1076 Ulysses
1170 994 1281 1078 dictus,

10 1110 12 1117 '
61 1103 211 1186 principis
240 1100 424 1186 aequalium
453 1099 596 1164 omnium
620 1098 788 1163 fortissimi
817 1120 854 1163 ac
877 1099 1081 1184 validissimi,
1108 1105 1280 1186 postquam

61 1207 209 1274 Coloniae
247 1206 536 1293 Agrippinensium
572 1202 727 1270 Canonici
764 1205 954 1290 dignitatem
997 1211 1177 1291 acceperat,
1218 1230 1280 1291 quo

59 1320 201 1399 tempore
237 1319 366 1400 patrem
403 1316 532 1377 secutus
568 1310 603 1375 in
640 1310 796 1375 comitatu
828 1311 1037 1395 Imperatoris
1069 1311 1281 1379 Maximiliani

55 1427 121 1487 crat
148 1423 282 1488 Italiam
309 1425 381 1486 tum
409 1418 615 1502 debellantis,
647 1418 785 1483 maxime
811 1418 973 1483 Joaehimi
1001 1419 1163 1505 Nestoris,
1191 1420 1280 1486 Elee-

56 1530 134 1594 toris
153 1528 491 1612 Brandenburgensis,
513 1526 646 1591 hortatu
666 1529 699 1590 et
717 1527 907 1592 auctoritate
927 1548 1029 1591 annos
1048 1531 1144 1592 natus
1164 1528 1281 1613 viginti

54 1634 213 1721 Magister
236 1633 383 1719 equitum
408 1632 659 1697 Teutonicorum
683 1632 803 1697 ordinis
828 1632 1000 1717 hospitalis
1024 1634 1136 1698 beatae
1160 1634 1281 1700 Mariae

53 1742 375 1825 Hierosolymitanae
399 1744 539 1804 creatur:
568 1739 616 1803 vir
644 1744 809 1804 auctorum
837 1739 959 1804 invidia
988 1742 1020 1804 et
1046 1741 1154 1826 gratia
1176 1740 1281 1807 famae

52 1849 267 1934 cupiditatem
290 1851 457 1932 expertus,
485 1846 570 1932 quod
599 1846 668 1910 eius
696 1868 747 1911 res
772 1869 791 1910 a
818 1845 953 1911 diversis
983 1851 1040 1911 aut
1066 1849 1139 1913 odio
1167 1849 1280 1932 impla-

53 1956 150 2021 cabili
174 1956 390 2040 compositae,
421 1957 476 2018 aut
505 1953 619 2018 studiis
643 1953 753 2018 nimiis
783 1954 961 2018 celebratae
990 1958 1076 2019 sunt.
1121 1954 1283 2020 Excelluit

52 2062 209 2127 Albertus
244 2060 451 2142 fortitudine,
487 2060 621 2145 pietate,
653 2061 868 2144 humanitate,
901 2062 1084 2127 clementia:
1122 2065 1282 2147 strenrms,

53 2169 195 2254 integer,
228 2168 385 2251 prudens,
413 2167 590 2232 modestus:
624 2167 745 2232 amicus
774 2167 870 2253 fidus,
897 2169 933 2233 in
961 2169 1112 2255 coniugio
1141 2169 1280 2235 stabilis:

55 2277 206 2342 ordinum
241 2275 383 2341 civitatis
411 2272 604 2358 dignitatem
635 2275 791 2339 reveritus
825 2274 1014 2341 collationes
1047 2279 1080 2341 et
1111 2276 1282 2362 vectigalia

53 2404 124 2447 uon
146 2382 212 2446 nisi
236 2381 366 2445 abillis
390 2401 543 2445 concessa
566 2382 686 2465 exegit,
714 2403 750 2446 ac
774 2382 934 2466 principio
958 2381 1115 2468 Magister
1137 2384 1281 2468 equitum

55 2511 130 2553 cum
157 2487 331 2553 nobilitate
358 2491 391 2551 et
417 2487 545 2570 oppidis
578 2488 675 2551 etiam
704 2488 779 2553 belli
812 2491 845 2552 et
873 2489 962 2572 pacis
990 2488 1218 2573 foederumque
1245 2511 1282 2554 ac

54 2596 257 2680 legationum
286 2596 357 2659 iura
385 2595 648 2660 communicavit:
682 2600 822 2660 ceterum
855 2594 889 2658 in
920 2617 955 2659 re
983 2595 1113 2679 publica
1146 2595 1281 2661 admini-

57 2703 193 2767 stranda
215 2701 422 2785 consiliisque
445 2701 647 2784 inconstans,
677 2700 904 2777 familiaribus,
927 2700 1044 2784 quibus
1067 2701 1140 2784 plus
1163 2702 1282 2766 tribue·

58 2810 117 2874 bat
147 2831 244 2894 quam
278 2809 427 2894 princeps
459 2807 567 2885 debet,
604 2807 780 2892 regendum
817 2829 851 2871 se
882 2807 1046 2891 praebuit3
1083 2808 1283 2892 principatus

59 2917 245 3001 capessendi
274 2916 510 3000 potestatisque
541 2914 706 2999 augendae
729 2914 852 2979 avidior
881 2913 1044 2985 subiectos
1071 2916 1156 2980 mole
1184 2917 1282 2982 bello-

60 3047 131 3090 rum
162 3045 293 3110 pressos
325 3023 455 3087 tributis
488 3023 645 3087 oneravit:
678 3023 763 3087 inter
794 3021 907 3086 turbas
940 3020 1049 3085 civiles
1080 3022 1283 3107 partiumque

62 3131 250 3213 discordias,
276 3129 434 3194 nobilium
461 3128 652 3212 praesertim
680 3132 712 3193 et
740 3132 918 3211 aratorum,
946 3127 1141 3212 aequitatem
1170 3152 1284 3214 parum

63 3238 218 3320 sanavit,
245 3237 458 3321 optimatibus
486 3236 592 3321 magis
616 3235 760 3319 studens,
789 3257 851 3320 quo
879 3235 1003 3300 tributa
1029 3235 1183 3302 libentius
1210 3258 1283 3301 con-

63 3345 222 3429 cederent3
250 3343 520 3429 tranquillitatem
548 3342 665 3407 mentis
695 3341 932 3426 suspicionibus
957 3364 994 3407 ac
1016 3342 1191 3408 formidine
1213 3363 1284 3426 per-

64 3453 184 3517 tmbari
221 3473 337 3535 passus
375 3455 436 3515 est:
472 3454 635 3535 postremo
672 3450 787 3535 religio
823 3449 858 3514 in
892 3450 1156 3533 superstitionem
1191 3470 1285 3514 versa

65 3579 169 3624 senem
193 3558 391 3623 imbecillum
410 3557 578 3621 fraudibus
597 3555 731 3641 magicis
754 3555 922 3640 implicuit,
945 3557 1114 3622 hominum
1135 3555 1281 3622 scelesto·

64 3687 145 3749 rum,
173 3664 421 3750 peregrinorum
449 3664 601 3745 maxime,
628 3662 813 3747 praestigiis
841 3661 1065 3729 deludendum.
1111 3661 1195 3728 Sane
1222 3663 1285 3727 hoc

66 3772 243 3857 principum
266 3771 481 3836 intortunium
504 3770 590 3834 haud
614 3770 697 3852 leve,
721 3768 805 3854 quod
829 3770 856 3833 si
878 3770 929 3834 vel
952 3770 1120 3834 minimum
1143 3774 1285 3854 peccant,

64 3903 124 3965 quo
154 3882 260 3966 magis
289 3883 367 3944 sunt
393 3879 570 3963 conspicui,
598 3879 691 3942 tanto
719 3877 823 3941 maius
850 3876 1001 3941 habetur:
1034 3881 1066 3941 et
1094 3898 1175 3961 quae
1202 3876 1285 3941 bene

63 3991 249 4071 gesserunt,
272 4009 382 4052 eorum
406 3985 521 4051 honori
545 3984 739 4066 detrahitur,
767 3983 851 4068 quod
874 3982 1034 4048 commodi
1056 4005 1122 4048 non
1145 4004 1284 4047 commu·

63 4094 113 4159 nis
137 4094 193 4159 sed
217 4094 268 4158 sui
297 4116 394 4159 causa
416 4097 573 4177 putantur
600 4092 724 4156 fecisse.
770 4090 815 4154 Et
837 4089 964 4154 Alberti
989 4090 1117 4174 quidem
1140 4089 1285 4155 condicio

61 4207 128 4265 tam
158 4205 229 4265 erat
256 4221 372 4284 anceps
400 4204 433 4264 et
460 4200 570 4282 dubia,
602 4204 640 4264 ut
666 4201 769 4263 multa
797 4222 855 4263 sua
887 4220 985 4263 causa
1011 4197 1115 4261 facere
1147 4197 1286 4280 deberet,

63 4330 145 4392 quae
169 4309 270 4393 longa
293 4311 326 4371 et
349 4308 427 4371 satis
452 4307 642 4372 confirmata
664 4308 812 4391 potentia
836 4327 985 4390 spernere
1008 4304 1139 4388 impune
1162 4307 1285 4389 potest:

63 4417 118 4501 qui
151 4436 251 4500 quum
283 4412 439 4498 Magister
471 4415 614 4499 equitum
646 4436 704 4497 per
736 4413 889 4478 tredecim
922 4433 1023 4476 annos
1056 4411 1177 4477 bellum
1213 4433 1286 4477 cum

63 4521 195 4588 Polonis
220 4521 389 4607 gessisset,
413 4523 585 4604 postquam
608 4541 685 4603 pace
709 4519 796 4585 facta
820 4540 1035 4604 oppressoque
1058 4518 1169 4583 ordine
1193 4539 1285 4602 eque-
