<?xml version="1.0" encoding="UTF-8"?>
<!DOCTYPE html PUBLIC "-//W3C//DTD XHTML 1.0 Transitional//EN"
    "http://www.w3.org/TR/xhtml1/DTD/xhtml1-transitional.dtd">
<html xmlns="http://www.w3.org/1999/xhtml" xml:lang="en" lang="en">
 <head>
  <title>
</title>
<meta http-equiv="Content-Type" content="text/html;charset=utf-8" />
  <meta name='ocr-system' content='tesseract 3.04.00' />
  <meta name='ocr-capabilities' content='ocr_page ocr_carea ocr_par ocr_line ocrx_word'/>
</head>
<body>
  <div class='ocr_page' id='page_1' title='image "augustboeckhsge00bratgoog_0016.png"; bbox 0 0 2760 4868; ppageno 0'>
   <div class='ocr_carea' id='block_1_1' title="bbox 614 151 790 205">
    <p class='ocr_par' dir='ltr' id='par_1_1' title="bbox 614 151 790 205">
     <span class='ocr_line' id='line_1_1' title="bbox 614 151 790 205; baseline 0 -13"><span class='ocrx_word' id='word_1_1' title='bbox 614 151 790 205; x_wconf 79' lang='lat' dir='ltr'>...VI-</span> 
     </span>
    </p>
   </div>
   <div class='ocr_carea' id='block_1_2' title="bbox 85 314 1314 2539">
    <p class='ocr_par' dir='ltr' id='par_1_2' title="bbox 87 314 1314 1042">
     <span class='ocr_line' id='line_1_2' title="bbox 88 314 1314 390; baseline 0.002 -10"><span class='ocrx_word' id='word_1_2' title='bbox 88 314 134 381; x_wconf 72' lang='lat' dir='ltr'>‘se</span> <span class='ocrx_word' id='word_1_3' title='bbox 162 317 196 381; x_wconf 93' lang='lat' dir='ltr'>in</span> <span class='ocrx_word' id='word_1_4' title='bbox 224 315 276 381; x_wconf 91' lang='lat' dir='ltr'>his</span> <span class='ocrx_word' id='word_1_5' title='bbox 305 317 505 383; x_wconf 89' lang='lat' dir='ltr'>orationibus</span> <span class='ocrx_word' id='word_1_6' title='bbox 531 316 618 382; x_wconf 89' lang='lat' dir='ltr'>haud</span> <span class='ocrx_word' id='word_1_7' title='bbox 645 337 718 381; x_wconf 89' lang='lat' dir='ltr'>raro</span> <span class='ocrx_word' id='word_1_8' title='bbox 746 316 917 381; x_wconf 81' lang='lat' dir='ltr'>indulsisse</span> <span class='ocrx_word' id='word_1_9' title='bbox 934 318 1055 390; x_wconf 83' lang='lat' dir='ltr'>¹animo</span> <span class='ocrx_word' id='word_1_10' title='bbox 1082 317 1251 382; x_wconf 89' lang='lat' dir='ltr'>irritatiori</span> <span class='ocrx_word' id='word_1_11' title='bbox 1281 321 1314 382; x_wconf 90' lang='lat' dir='ltr'>et</span> 
     </span>
     <span class='ocr_line' id='line_1_3' title="bbox 89 423 1312 509; baseline 0 -20"><span class='ocrx_word' id='word_1_12' title='bbox 89 423 276 489; x_wconf 85' lang='lat' dir='ltr'>obsecutum</span> <span class='ocrx_word' id='word_1_13' title='bbox 305 445 375 488; x_wconf 87' lang='lat' dir='ltr'>esse</span> <span class='ocrx_word' id='word_1_14' title='bbox 404 424 498 509; x_wconf 91' lang='lat' dir='ltr'>odiis,</span> <span class='ocrx_word' id='word_1_15' title='bbox 526 445 607 508; x_wconf 89' lang='lat' dir='ltr'>quae</span> <span class='ocrx_word' id='word_1_16' title='bbox 635 426 815 507; x_wconf 89' lang='lat' dir='ltr'>temporum</span> <span class='ocrx_word' id='word_1_17' title='bbox 843 423 975 489; x_wconf 86' lang='lat' dir='ltr'>iubebat</span> <span class='ocrx_word' id='word_1_18' title='bbox 997 424 1108 509; x_wconf 79' lang='lat' dir='ltr'>ratio’3</span> <span class='ocrx_word' id='word_1_19' title='bbox 1139 428 1172 488; x_wconf 92' lang='lat' dir='ltr'>et</span> <span class='ocrx_word' id='word_1_20' title='bbox 1194 424 1312 489; x_wconf 90' lang='lat' dir='ltr'>ibidem</span> 
     </span>
     <span class='ocr_line' id='line_1_4' title="bbox 88 529 1311 617; baseline 0.002 -24"><span class='ocrx_word' id='word_1_21' title='bbox 88 529 165 594; x_wconf 86' lang='lat' dir='ltr'>data</span> <span class='ocrx_word' id='word_1_22' title='bbox 194 551 291 614; x_wconf 90' lang='lat' dir='ltr'>opera</span> <span class='ocrx_word' id='word_1_23' title='bbox 318 532 458 615; x_wconf 90' lang='lat' dir='ltr'>monuit,</span> <span class='ocrx_word' id='word_1_24' title='bbox 484 529 689 615; x_wconf 86' lang='lat' dir='ltr'>deponendas</span> <span class='ocrx_word' id='word_1_25' title='bbox 716 552 787 596; x_wconf 91' lang='lat' dir='ltr'>esse</span> <span class='ocrx_word' id='word_1_26' title='bbox 815 530 1014 617; x_wconf 85' lang='lat' dir='ltr'>inimicitias,</span> <span class='ocrx_word' id='word_1_27' title='bbox 1047 553 1144 616; x_wconf 90' lang='lat' dir='ltr'>quum</span> <span class='ocrx_word' id='word_1_28' title='bbox 1172 531 1311 614; x_wconf 89' lang='lat' dir='ltr'>primum</span> 
     </span>
     <span class='ocr_line' id='line_1_5' title="bbox 88 637 1313 722; baseline 0.002 -21"><span class='ocrx_word' id='word_1_29' title='bbox 88 637 187 701; x_wconf 81' lang='lat' dir='ltr'>fuerit</span> <span class='ocrx_word' id='word_1_30' title='bbox 213 637 484 704; x_wconf 74' lang='lat' dir='ltr'>reconciliationis</span> <span class='ocrx_word' id='word_1_31' title='bbox 507 638 599 721; x_wconf 91' lang='lat' dir='ltr'>eopia</span> <span class='ocrx_word' id='word_1_32' title='bbox 621 638 716 702; x_wconf 86' lang='lat' dir='ltr'>facta.</span> <span class='ocrx_word' id='word_1_33' title='bbox 763 637 965 722; x_wconf 72' lang='lat' dir='ltr'><strong>Quapropter</strong></span> <span class='ocrx_word' id='word_1_34' title='bbox 989 642 1099 722; x_wconf 78' lang='lat' dir='ltr'>sperat</span> <span class='ocrx_word' id='word_1_35' title='bbox 1122 642 1247 722; x_wconf 83' lang='lat' dir='ltr'>auctor,</span> <span class='ocrx_word' id='word_1_36' title='bbox 1274 662 1313 703; x_wconf 83' lang='lat' dir='ltr'>er</span> 
     </span>
     <span class='ocr_line' id='line_1_6' title="bbox 88 744 1312 830; baseline 0.002 -23"><span class='ocrx_word' id='word_1_37' title='bbox 88 744 148 827; x_wconf 79' lang='lat' dir='ltr'>eia,</span> <span class='ocrx_word' id='word_1_38' title='bbox 175 746 348 829; x_wconf 83' lang='lat' dir='ltr'>quactum</span> <span class='ocrx_word' id='word_1_39' title='bbox 373 745 518 810; x_wconf 83' lang='lat' dir='ltr'>acerbius</span> <span class='ocrx_word' id='word_1_40' title='bbox 543 749 620 809; x_wconf 88' lang='lat' dir='ltr'>sunt</span> <span class='ocrx_word' id='word_1_41' title='bbox 642 744 742 827; x_wconf 88' lang='lat' dir='ltr'>dicta,</span> <span class='ocrx_word' id='word_1_42' title='bbox 765 745 927 809; x_wconf 89' lang='lat' dir='ltr'>neminem</span> <span class='ocrx_word' id='word_1_43' title='bbox 951 745 1210 829; x_wconf 86' lang='lat' dir='ltr'>aestimaturum,</span> <span class='ocrx_word' id='word_1_44' title='bbox 1234 768 1312 830; x_wconf 92' lang='lat' dir='ltr'>quo-</span> 
     </span>
     <span class='ocr_line' id='line_1_7' title="bbox 87 850 1311 937; baseline 0.002 -23"><span class='ocrx_word' id='word_1_45' title='bbox 87 850 183 916; x_wconf 90' lang='lat' dir='ltr'>modo</span> <span class='ocrx_word' id='word_1_46' title='bbox 207 854 239 915; x_wconf 92' lang='lat' dir='ltr'>in</span> <span class='ocrx_word' id='word_1_47' title='bbox 263 851 333 935; x_wconf 91' lang='lat' dir='ltr'>hao,</span> <span class='ocrx_word' id='word_1_48' title='bbox 357 875 419 937; x_wconf 91' lang='lat' dir='ltr'>qua</span> <span class='ocrx_word' id='word_1_49' title='bbox 442 874 527 917; x_wconf 89' lang='lat' dir='ltr'>nuno</span> <span class='ocrx_word' id='word_1_50' title='bbox 550 852 699 935; x_wconf 86' lang='lat' dir='ltr'>fruimur,</span> <span class='ocrx_word' id='word_1_51' title='bbox 723 851 903 935; x_wconf 86' lang='lat' dir='ltr'>principum</span> <span class='ocrx_word' id='word_1_52' title='bbox 928 855 961 915; x_wconf 87' lang='lat' dir='ltr'>et</span> <span class='ocrx_word' id='word_1_53' title='bbox 984 853 1179 936; x_wconf 88' lang='lat' dir='ltr'>populorum</span> <span class='ocrx_word' id='word_1_54' title='bbox 1204 853 1311 917; x_wconf 87' lang='lat' dir='ltr'>cultis-</span> 
     </span>
     <span class='ocr_line' id='line_1_8' title="bbox 87 957 1090 1042; baseline 0.001 -21"><span class='ocrx_word' id='word_1_55' title='bbox 87 957 242 1023; x_wconf 90' lang='lat' dir='ltr'>simorum</span> <span class='ocrx_word' id='word_1_56' title='bbox 265 959 528 1024; x_wconf 78' lang='lat' dir='ltr'>reconciliatione</span> <span class='ocrx_word' id='word_1_57' title='bbox 550 959 739 1023; x_wconf 87' lang='lat' dir='ltr'>felicissima</span> <span class='ocrx_word' id='word_1_58' title='bbox 762 959 924 1023; x_wconf 88' lang='lat' dir='ltr'>animatus</span> <span class='ocrx_word' id='word_1_59' title='bbox 947 959 1016 1042; x_wconf 87' lang='lat' dir='ltr'>ipsc</span> <span class='ocrx_word' id='word_1_60' title='bbox 1039 960 1090 1023; x_wconf 87' lang='lat' dir='ltr'>sit.</span> 
     </span>
    </p>

    <p class='ocr_par' dir='ltr' id='par_1_3' title="bbox 85 1060 1311 2306">
     <span class='ocr_line' id='line_1_9' title="bbox 176 1060 1310 1150; baseline 0.002 -21"><span class='ocrx_word' id='word_1_61' title='bbox 176 1065 284 1129; x_wconf 84' lang='lat' dir='ltr'>Genus</span> <span class='ocrx_word' id='word_1_62' title='bbox 313 1065 439 1130; x_wconf 89' lang='lat' dir='ltr'>dicendi</span> <span class='ocrx_word' id='word_1_63' title='bbox 467 1087 532 1130; x_wconf 87' lang='lat' dir='ltr'>uon</span> <span class='ocrx_word' id='word_1_64' title='bbox 562 1065 594 1129; x_wconf 90' lang='lat' dir='ltr'>id</span> <span class='ocrx_word' id='word_1_65' title='bbox 623 1066 749 1129; x_wconf 87' lang='lat' dir='ltr'>efficere</span> <span class='ocrx_word' id='word_1_66' title='bbox 774 1065 898 1130; x_wconf 90' lang='lat' dir='ltr'>studuit</span> <span class='ocrx_word' id='word_1_67' title='bbox 921 1069 1047 1148; x_wconf 77' lang='lat' dir='ltr'>auctor,</span> <span class='ocrx_word' id='word_1_68' title='bbox 1075 1066 1160 1150; x_wconf 89' lang='lat' dir='ltr'>quod</span> <span class='ocrx_word' id='word_1_69' title='bbox 1184 1060 1310 1132; x_wconf 83' lang='lat' dir='ltr'>Cicero·</span> 
     </span>
     <span class='ocr_line' id='line_1_10' title="bbox 86 1171 1310 1258; baseline 0.002 -23"><span class='ocrx_word' id='word_1_70' title='bbox 86 1171 185 1236; x_wconf 92' lang='lat' dir='ltr'>niano</span> <span class='ocrx_word' id='word_1_71' title='bbox 209 1175 295 1236; x_wconf 89' lang='lat' dir='ltr'>esset</span> <span class='ocrx_word' id='word_1_72' title='bbox 317 1172 433 1256; x_wconf 80' lang='lat' dir='ltr'>simila,</span> <span class='ocrx_word' id='word_1_73' title='bbox 456 1171 512 1236; x_wconf 86' lang='lat' dir='ltr'>scd</span> <span class='ocrx_word' id='word_1_74' title='bbox 534 1173 601 1236; x_wconf 87' lang='lat' dir='ltr'>alia</span> <span class='ocrx_word' id='word_1_75' title='bbox 624 1194 750 1256; x_wconf 90' lang='lat' dir='ltr'>quoque</span> <span class='ocrx_word' id='word_1_76' title='bbox 774 1173 919 1256; x_wconf 88' lang='lat' dir='ltr'>exempla</span> <span class='ocrx_word' id='word_1_77' title='bbox 942 1173 1004 1237; x_wconf 92' lang='lat' dir='ltr'>sibi</span> <span class='ocrx_word' id='word_1_78' title='bbox 1028 1173 1206 1258; x_wconf 85' lang='lat' dir='ltr'>proposuit.</span> <span class='ocrx_word' id='word_1_79' title='bbox 1251 1173 1310 1237; x_wconf 86' lang='lat' dir='ltr'>Ar-</span> 
     </span>
     <span class='ocr_line' id='line_1_11' title="bbox 86 1279 1311 1363; baseline 0.002 -21"><span class='ocrx_word' id='word_1_80' title='bbox 86 1283 220 1363; x_wconf 80' lang='lat' dir='ltr'>genteae</span> <span class='ocrx_word' id='word_1_81' title='bbox 243 1279 343 1363; x_wconf 82' lang='lat' dir='ltr'>igitur</span> <span class='ocrx_word' id='word_1_82' title='bbox 366 1279 481 1344; x_wconf 88' lang='lat' dir='ltr'>aetatis</span> <span class='ocrx_word' id='word_1_83' title='bbox 504 1302 598 1344; x_wconf 91' lang='lat' dir='ltr'>usum</span> <span class='ocrx_word' id='word_1_84' title='bbox 618 1279 707 1362; x_wconf 90' lang='lat' dir='ltr'>sequi</span> <span class='ocrx_word' id='word_1_85' title='bbox 726 1301 791 1344; x_wconf 94' lang='lat' dir='ltr'>non</span> <span class='ocrx_word' id='word_1_86' title='bbox 812 1279 979 1362; x_wconf 89' lang='lat' dir='ltr'>dubitavit,</span> <span class='ocrx_word' id='word_1_87' title='bbox 1002 1301 1105 1362; x_wconf 87' lang='lat' dir='ltr'>neque</span> <span class='ocrx_word' id='word_1_88' title='bbox 1125 1302 1236 1344; x_wconf 92' lang='lat' dir='ltr'>omnes</span> <span class='ocrx_word' id='word_1_89' title='bbox 1257 1303 1311 1345; x_wconf 88' lang='lat' dir='ltr'>eas</span> 
     </span>
     <span class='ocr_line' id='line_1_12' title="bbox 86 1384 1308 1470; baseline 0.002 -21"><span class='ocrx_word' id='word_1_90' title='bbox 86 1387 369 1470; x_wconf 81' lang='lat' dir='ltr'>grammaticorum</span> <span class='ocrx_word' id='word_1_91' title='bbox 394 1387 522 1470; x_wconf 84' lang='lat' dir='ltr'>regulas</span> <span class='ocrx_word' id='word_1_92' title='bbox 546 1386 738 1469; x_wconf 84' lang='lat' dir='ltr'>observavit,</span> <span class='ocrx_word' id='word_1_93' title='bbox 762 1409 844 1470; x_wconf 89' lang='lat' dir='ltr'>quae</span> <span class='ocrx_word' id='word_1_94' title='bbox 868 1384 1019 1450; x_wconf 79' lang='lat' dir='ltr'>Cicerone</span> <span class='ocrx_word' id='word_1_95' title='bbox 1039 1387 1242 1469; x_wconf 86' lang='lat' dir='ltr'>potissimum</span> <span class='ocrx_word' id='word_1_96' title='bbox 1263 1388 1308 1451; x_wconf 91' lang='lat' dir='ltr'>ni-</span> 
     </span>
     <span class='ocr_line' id='line_1_13' title="bbox 85 1491 1310 1568; baseline 0.003 -14"><span class='ocrx_word' id='word_1_97' title='bbox 85 1494 207 1557; x_wconf 89' lang='lat' dir='ltr'>tuntur.</span> <span class='ocrx_word' id='word_1_98' title='bbox 247 1491 351 1557; x_wconf 89' lang='lat' dir='ltr'>Immo</span> <span class='ocrx_word' id='word_1_99' title='bbox 376 1492 536 1557; x_wconf 89' lang='lat' dir='ltr'>interdum</span> <span class='ocrx_word' id='word_1_100' title='bbox 560 1494 706 1557; x_wconf 86' lang='lat' dir='ltr'>consulto</span> <span class='ocrx_word' id='word_1_101' title='bbox 731 1493 771 1557; x_wconf 91' lang='lat' dir='ltr'>ab</span> <span class='ocrx_word' id='word_1_102' title='bbox 795 1492 841 1556; x_wconf 88' lang='lat' dir='ltr'>eis</span> <span class='ocrx_word' id='word_1_103' title='bbox 865 1493 999 1557; x_wconf 87' lang='lat' dir='ltr'>recessit</span> <span class='ocrx_word' id='word_1_104' title='bbox 1021 1497 1054 1556; x_wconf 86' lang='lat' dir='ltr'>et</span> <span class='ocrx_word' id='word_1_105' title='bbox 1077 1493 1229 1557; x_wconf 87' lang='lat' dir='ltr'>rariorem</span> <span class='ocrx_word' id='word_1_106' title='bbox 1253 1494 1310 1568; x_wconf 88' lang='lat' dir='ltr'>ali·</span> 
     </span>
     <span class='ocr_line' id='line_1_14' title="bbox 87 1598 1309 1683; baseline 0 -20"><span class='ocrx_word' id='word_1_107' title='bbox 87 1620 182 1683; x_wconf 88' lang='lat' dir='ltr'>quam</span> <span class='ocrx_word' id='word_1_108' title='bbox 202 1599 326 1664; x_wconf 86' lang='lat' dir='ltr'>dicendi</span> <span class='ocrx_word' id='word_1_109' title='bbox 347 1599 518 1664; x_wconf 86' lang='lat' dir='ltr'>formulam</span> <span class='ocrx_word' id='word_1_110' title='bbox 538 1600 588 1663; x_wconf 93' lang='lat' dir='ltr'>vel</span> <span class='ocrx_word' id='word_1_111' title='bbox 608 1622 718 1664; x_wconf 85' lang='lat' dir='ltr'>vocem</span> <span class='ocrx_word' id='word_1_112' title='bbox 737 1600 887 1683; x_wconf 85' lang='lat' dir='ltr'>captavit.</span> <span class='ocrx_word' id='word_1_113' title='bbox 918 1598 1092 1663; x_wconf 89' lang='lat' dir='ltr'>Nonnullis</span> <span class='ocrx_word' id='word_1_114' title='bbox 1106 1603 1214 1663; x_wconf 88' lang='lat' dir='ltr'>tamen</span> <span class='ocrx_word' id='word_1_115' title='bbox 1229 1600 1309 1664; x_wconf 87' lang='lat' dir='ltr'>locis</span> 
     </span>
     <span class='ocr_line' id='line_1_15' title="bbox 85 1705 1309 1790; baseline 0.002 -21"><span class='ocrx_word' id='word_1_116' title='bbox 85 1706 317 1770; x_wconf 89' lang='lat' dir='ltr'>vocabulorum</span> <span class='ocrx_word' id='word_1_117' title='bbox 336 1705 478 1771; x_wconf 87' lang='lat' dir='ltr'>delectus</span> <span class='ocrx_word' id='word_1_118' title='bbox 499 1710 531 1770; x_wconf 90' lang='lat' dir='ltr'>et</span> <span class='ocrx_word' id='word_1_119' title='bbox 550 1709 711 1771; x_wconf 83' lang='lat' dir='ltr'>structura</span> <span class='ocrx_word' id='word_1_120' title='bbox 731 1710 763 1769; x_wconf 90' lang='lat' dir='ltr'>et</span> <span class='ocrx_word' id='word_1_121' title='bbox 781 1728 885 1789; x_wconf 87' lang='lat' dir='ltr'>pauca</span> <span class='ocrx_word' id='word_1_122' title='bbox 904 1706 1060 1790; x_wconf 86' lang='lat' dir='ltr'>quaedam</span> <span class='ocrx_word' id='word_1_123' title='bbox 1080 1707 1144 1770; x_wconf 90' lang='lat' dir='ltr'>alia</span> <span class='ocrx_word' id='word_1_124' title='bbox 1162 1705 1309 1771; x_wconf 90' lang='lat' dir='ltr'>secundis</span> 
     </span>
     <span class='ocr_line' id='line_1_16' title="bbox 87 1811 1309 1903; baseline 0.001 -27"><span class='ocrx_word' id='word_1_125' title='bbox 87 1811 171 1877; x_wconf 91' lang='lat' dir='ltr'>curis</span> <span class='ocrx_word' id='word_1_126' title='bbox 194 1817 271 1877; x_wconf 87' lang='lat' dir='ltr'>sunt</span> <span class='ocrx_word' id='word_1_127' title='bbox 293 1816 433 1903; x_wconf 83' lang='lat' dir='ltr'>mutata,</span> <span class='ocrx_word' id='word_1_128' title='bbox 456 1813 543 1897; x_wconf 91' lang='lat' dir='ltr'>quod</span> <span class='ocrx_word' id='word_1_129' title='bbox 566 1814 745 1898; x_wconf 86' lang='lat' dir='ltr'>generatim</span> <span class='ocrx_word' id='word_1_130' title='bbox 768 1813 943 1877; x_wconf 89' lang='lat' dir='ltr'>indicatum</span> <span class='ocrx_word' id='word_1_131' title='bbox 967 1835 1037 1876; x_wconf 87' lang='lat' dir='ltr'>esse</span> <span class='ocrx_word' id='word_1_132' title='bbox 1061 1813 1206 1877; x_wconf 89' lang='lat' dir='ltr'>sufficiet.</span> <span class='ocrx_word' id='word_1_133' title='bbox 1252 1812 1309 1878; x_wconf 84' lang='lat' dir='ltr'>Ce-</span> 
     </span>
     <span class='ocr_line' id='line_1_17' title="bbox 86 1919 1309 2006; baseline 0.003 -24"><span class='ocrx_word' id='word_1_134' title='bbox 86 1920 191 1982; x_wconf 88' lang='lat' dir='ltr'>terum</span> <span class='ocrx_word' id='word_1_135' title='bbox 218 1919 312 1984; x_wconf 85' lang='lat' dir='ltr'>facile</span> <span class='ocrx_word' id='word_1_136' title='bbox 341 1925 551 2006; x_wconf 82' lang='lat' dir='ltr'>cognoscetur</span> <span class='ocrx_word' id='word_1_137' title='bbox 578 1942 644 1984; x_wconf 92' lang='lat' dir='ltr'>non</span> <span class='ocrx_word' id='word_1_138' title='bbox 674 1920 817 1984; x_wconf 91' lang='lat' dir='ltr'>omnium</span> <span class='ocrx_word' id='word_1_139' title='bbox 846 1920 1029 1984; x_wconf 91' lang='lat' dir='ltr'>orationum</span> <span class='ocrx_word' id='word_1_140' title='bbox 1058 1920 1184 1984; x_wconf 89' lang='lat' dir='ltr'>dicendi</span> <span class='ocrx_word' id='word_1_141' title='bbox 1207 1941 1309 2006; x_wconf 82' lang='lat' dir='ltr'>genus</span> 
     </span>
     <span class='ocr_line' id='line_1_18' title="bbox 87 2025 1310 2112; baseline 0.003 -24"><span class='ocrx_word' id='word_1_142' title='bbox 87 2045 157 2089; x_wconf 86' lang='lat' dir='ltr'>esse</span> <span class='ocrx_word' id='word_1_143' title='bbox 184 2025 282 2105; x_wconf 85' lang='lat' dir='ltr'>idem,</span> <span class='ocrx_word' id='word_1_144' title='bbox 313 2027 369 2092; x_wconf 85' lang='lat' dir='ltr'>sed</span> <span class='ocrx_word' id='word_1_145' title='bbox 396 2048 454 2111; x_wconf 92' lang='lat' dir='ltr'>per</span> <span class='ocrx_word' id='word_1_146' title='bbox 481 2029 611 2112; x_wconf 82' lang='lat' dir='ltr'>longam</span> <span class='ocrx_word' id='word_1_147' title='bbox 639 2049 797 2092; x_wconf 89' lang='lat' dir='ltr'>annorum</span> <span class='ocrx_word' id='word_1_148' title='bbox 826 2026 954 2111; x_wconf 84' lang='lat' dir='ltr'>seriem,</span> <span class='ocrx_word' id='word_1_149' title='bbox 985 2027 1101 2110; x_wconf 88' lang='lat' dir='ltr'>quibus</span> <span class='ocrx_word' id='word_1_150' title='bbox 1132 2030 1244 2092; x_wconf 88' lang='lat' dir='ltr'>auctor</span> <span class='ocrx_word' id='word_1_151' title='bbox 1272 2050 1310 2092; x_wconf 82' lang='lat' dir='ltr'>cx</span> 
     </span>
     <span class='ocr_line' id='line_1_19' title="bbox 87 2132 1308 2218; baseline 0.003 -24"><span class='ocrx_word' id='word_1_152' title='bbox 87 2133 228 2197; x_wconf 86' lang='lat' dir='ltr'>muneris</span> <span class='ocrx_word' id='word_1_153' title='bbox 257 2133 365 2200; x_wconf 85' lang='lat' dir='ltr'>officio</span> <span class='ocrx_word' id='word_1_154' title='bbox 394 2134 557 2199; x_wconf 90' lang='lat' dir='ltr'>orationes</span> <span class='ocrx_word' id='word_1_155' title='bbox 585 2133 645 2197; x_wconf 90' lang='lat' dir='ltr'>has</span> <span class='ocrx_word' id='word_1_156' title='bbox 672 2132 806 2197; x_wconf 88' lang='lat' dir='ltr'>Latinas</span> <span class='ocrx_word' id='word_1_157' title='bbox 833 2132 960 2217; x_wconf 90' lang='lat' dir='ltr'>habuit,</span> <span class='ocrx_word' id='word_1_158' title='bbox 989 2133 1160 2216; x_wconf 91' lang='lat' dir='ltr'>paullatim</span> <span class='ocrx_word' id='word_1_159' title='bbox 1188 2134 1308 2218; x_wconf 91' lang='lat' dir='ltr'>aliqua·</span> 
     </span>
     <span class='ocr_line' id='line_1_20' title="bbox 86 2240 466 2306; baseline 0.008 -4"><span class='ocrx_word' id='word_1_160' title='bbox 86 2240 181 2303; x_wconf 74' lang='lat' dir='ltr'>teum</span> <span class='ocrx_word' id='word_1_161' title='bbox 204 2261 274 2305; x_wconf 88' lang='lat' dir='ltr'>esse</span> <span class='ocrx_word' id='word_1_162' title='bbox 298 2244 466 2306; x_wconf 86' lang='lat' dir='ltr'>mutatum.</span> 
     </span>
    </p>

    <p class='ocr_par' dir='ltr' id='par_1_4' title="bbox 86 2344 1310 2539">
     <span class='ocr_line' id='line_1_21' title="bbox 175 2344 1310 2433; baseline 0.002 -24"><span class='ocrx_word' id='word_1_163' title='bbox 175 2344 271 2411; x_wconf 90' lang='lat' dir='ltr'>Brevi</span> <span class='ocrx_word' id='word_1_164' title='bbox 304 2352 477 2433; x_wconf 87' lang='lat' dir='ltr'>conspectu</span> <span class='ocrx_word' id='word_1_165' title='bbox 511 2346 743 2431; x_wconf 85' lang='lat' dir='ltr'>comprehensa</span> <span class='ocrx_word' id='word_1_166' title='bbox 770 2346 878 2411; x_wconf 87' lang='lat' dir='ltr'>addidi</span> <span class='ocrx_word' id='word_1_167' title='bbox 906 2348 1089 2413; x_wconf 88' lang='lat' dir='ltr'>orationum</span> <span class='ocrx_word' id='word_1_168' title='bbox 1118 2351 1310 2432; x_wconf 82' lang='lat' dir='ltr'>argumenta</span> 
     </span>
     <span class='ocr_line' id='line_1_22' title="bbox 86 2452 900 2539; baseline 0 -22"><span class='ocrx_word' id='word_1_169' title='bbox 86 2452 266 2539; x_wconf 84' lang='lat' dir='ltr'>potissima,</span> <span class='ocrx_word' id='word_1_170' title='bbox 289 2455 448 2539; x_wconf 90' lang='lat' dir='ltr'>instituto,</span> <span class='ocrx_word' id='word_1_171' title='bbox 471 2459 508 2519; x_wconf 91' lang='lat' dir='ltr'>ut</span> <span class='ocrx_word' id='word_1_172' title='bbox 530 2453 762 2539; x_wconf 81' lang='lat' dir='ltr'>opinor,·haud</span> <span class='ocrx_word' id='word_1_173' title='bbox 785 2454 900 2518; x_wconf 90' lang='lat' dir='ltr'>inutili.</span> 
     </span>
    </p>
   </div>
   <div class='ocr_carea' id='block_1_3' title="bbox 176 2645 1088 2733">
    <p class='ocr_par' dir='ltr' id='par_1_5' title="bbox 176 2645 1088 2733">
     <span class='ocr_line' id='line_1_23' title="bbox 176 2645 1088 2733; baseline 0 -19"><span class='ocrx_word' id='word_1_174' title='bbox 176 2645 297 2733; x_wconf 84' lang='lat' dir='ltr'>Scripsi</span> <span class='ocrx_word' id='word_1_175' title='bbox 317 2649 458 2714; x_wconf 90' lang='lat' dir='ltr'>Berolini</span> <span class='ocrx_word' id='word_1_176' title='bbox 478 2649 582 2716; x_wconf 89' lang='lat' dir='ltr'>Nonis</span> <span class='ocrx_word' id='word_1_177' title='bbox 600 2650 759 2715; x_wconf 87' lang='lat' dir='ltr'>Ianuariis</span> <span class='ocrx_word' id='word_1_178' title='bbox 777 2672 804 2714; x_wconf 88' lang='lat' dir='ltr'>a.</span> <span class='ocrx_word' id='word_1_179' title='bbox 823 2648 1088 2716; x_wconf 78' lang='lat' dir='ltr'>MDOOCLVIII.</span> 
     </span>
    </p>
   </div>
   <div class='ocr_carea' id='block_1_4' title="bbox 0 0 1384 4868">
    <p class='ocr_par' dir='ltr' id='par_1_6' title="bbox 0 0 1384 4868">
     <span class='ocr_line' id='line_1_24' title="bbox 0 0 1384 4868; baseline 0 1"><span class='ocrx_word' id='word_1_180' title='bbox 0 0 1384 4868; x_wconf 95' lang='lat' dir='ltr'> </span> 
     </span>
    </p>
   </div>
  </div>
 </body>
</html>
