2760 4868
618 211 926 313 ..4,..¹

105 389 247 453 unquam
266 390 336 433 rem
355 368 517 452 publicam
536 372 593 433 aut
610 369 733 433 firmius
752 369 969 453 constitutam,
994 371 1052 432 aut
1072 368 1188 432 civium
1213 367 1349 431 virtute,

101 477 169 538 tam
194 475 371 539 domestica
389 497 484 559 quarn
504 475 638 539 militari
656 475 742 539 domi
763 475 904 560 forisque
923 474 1028 559 magis
1047 474 1206 560 insignem
1226 473 1331 539 video.

99 579 191 656 Quod
224 583 343 665 partim
375 586 511 646 naturae
543 581 704 647 debebant
735 582 905 665 beneficio,
937 603 1019 666 quae
1050 581 1090 646 iis
1123 603 1177 646 eos
1206 581 1330 645 artibus

97 688 316 772 instruxisset,
348 694 385 754 ut
417 690 456 754 ad
489 710 588 771 puros
621 693 654 753 et
686 710 815 754 severos
847 711 953 754 mores
980 690 1049 753 nati
1077 688 1217 772 factique
1245 687 1329 752 vide·

97 799 221 879 rentur,
253 797 372 880 partim
404 797 579 880 sapientiae
604 797 817 882 legislatoris,
846 819 909 881 qua
931 800 1137 880 prospectum
1162 799 1261 879 esset,
1289 817 1329 860 ne

98 901 227 985 quando
247 926 266 966 a
285 903 382 986 prisci
405 904 493 982 vitae
511 904 637 987 generis
657 903 862 986 simplicitate
881 902 1102 968 desciscerent.
1148 901 1211 978 Qui
1230 923 1328 987 quum

95 1008 306 1092 intelligeret,
333 1008 414 1073 nihil
438 1030 538 1094 aeque
562 1009 603 1073 ad
625 1009 813 1074 felicitatem
838 1010 1021 1074 mortalium
1045 1010 1201 1092 conferre,
1231 1029 1327 1094 quam

95 1113 124 1177 si
156 1114 196 1178 iis
230 1118 398 1179 uterentur
425 1115 565 1200 legibus,
597 1138 679 1201 quae
706 1116 808 1180 indoli
836 1116 990 1201 cuiusque
1018 1120 1233 1201 congruerent
1259 1138 1326 1180 ma-

94 1219 194 1306 xime;
226 1219 453 1305 Doriensibus,
481 1223 606 1288 nationi
636 1223 757 1306 agresti
784 1226 815 1287 et
845 1222 956 1307 durae,
984 1224 1148 1288 montibus
1177 1223 1327 1306 colendis,

93 1327 258 1392 venationi
290 1329 438 1415 belloque
470 1329 611 1415 gerendo
641 1333 803 1414 assuetae,
836 1331 882 1394 ita
910 1331 1002 1414 quasi
1031 1330 1071 1394 ad
1099 1350 1247 1394 normam
1275 1329 1327 1394 de·

95 1434 225 1516 scripsit
253 1456 355 1521 genus
383 1437 483 1520 vitae,
511 1440 547 1501 ut
576 1458 686 1502 eorum
711 1437 817 1501 studia
840 1437 973 1521 antiqua
996 1437 1036 1500 ad
1060 1436 1179 1500 bonam
1203 1436 1327 1521 frugem

94 1538 263 1625 dirigeret,
290 1543 458 1628 ingenium
487 1564 597 1608 eorum
626 1547 777 1607 constans
806 1547 838 1606 et
860 1543 987 1606 firmum
1011 1542 1227 1626 confirmaret,
1256 1566 1328 1628 par·

95 1647 267 1712 simoniam
298 1650 422 1734 priscae
451 1651 567 1714 aetatis
595 1653 812 1733 conservaret,
840 1653 873 1713 et
898 1648 1052 1713 ferociam
1081 1649 1213 1713 insitam
1237 1650 1329 1714 insti-

93 1754 172 1818 tutis
206 1759 274 1819 tam
303 1758 402 1820 sacris
430 1778 527 1840 quam
556 1757 701 1840 profanis
729 1760 938 1840 temperaret,
972 1756 1138 1840 atque.ab
1165 1755 1328 1820 intestinis

97 1859 277 1945 discordiis,
302 1863 418 1948 quibus
443 1866 517 1927 ante
540 1863 755 1946 vexabantur,
778 1864 811 1927 in
835 1862 945 1928 hostes
969 1863 1173 1947 potissimum
1198 1885 1329 1929 conver·

96 1973 189 2033 teret.
234 1968 323 2033 Idem
353 1992 429 2034 vero
452 1970 668 2054 perspiciebat
691 1969 952 2054 prudentissime,
979 1992 1047 2035 non
1069 1992 1164 2054 posse
1182 1970 1328 2036 homines

95 2076 271 2160 contineri,
307 2077 386 2162 quin
420 2099 522 2142 novas
551 2077 685 2142 subinde
713 2078 905 2142 molirentur
931 2099 997 2161 res,
1023 2077 1087 2141 nisi
1113 2077 1257 2141 numinis
1284 2077 1329 2142 di-

93 2182 160 2247 vini
193 2183 376 2262 maiestate,
409 2206 506 2269 quam
538 2188 726 2248 vererentur
757 2184 883 2248 laedere
916 2188 972 2249 aut
1001 2184 1158 2266 minuere,
1191 2185 1329 2249 sancire·

92 2292 146 2353 tur
173 2290 238 2375 lex,
267 2294 305 2355 ut
333 2312 459 2374 semper
486 2296 645 2355 maneret:
679 2291 861 2375 idcircoque
890 2291 931 2355 ad
959 2289 1113 2374 Pythium
1141 2290 1328 2374 Apollinem

93 2397 220 2461 rettulit
248 2397 320 2462 illas
347 2397 489 2481 rhetras,
518 2397 636 2482 quibus
665 2402 836 2481 praecepta
864 2397 1052 2480 disciplinae
1080 2397 1228 2482 publicae
1252 2419 1329 2461 con·

96 2504 297 2588 tinebantur3
327 2508 360 2568 et
386 2527 484 2589 quum
512 2505 546 2568 in
576 2506 647 2569 aliis
676 2505 861 2569 civitatibus
890 2505 977 2589 leges
1006 2505 1159 2568 darentur
1187 2505 1222 2568 in
1248 2509 1329 2568 tem-

95 2633 170 2695 pus,
197 2614 234 2675 ut
263 2611 335 2676 tolli
362 2615 509 2694 possent,
539 2633 636 2695 quum
664 2611 803 2695 primum
827 2612 1003 2695 placuisset
1030 2611 1165 2695 populo,
1193 2609 1329 2696 Spartae

98 2740 137 2783 ea
159 2718 347 2783 condicione
369 2718 459 2801 tulit,
482 2722 519 2782 ut
541 2740 706 2804 nunquam
730 2742 794 2784 non
818 2719 977 2796 valerent,
1000 2740 1167 2802 nunquam
1189 2718 1330 2785 rescindi

95 2831 237 2908 possent.
288 2825 338 2889 lta
372 2824 507 2908 factum,
539 2830 576 2890 ut
607 2826 785 2890 diutissime
818 2826 947 2890 duraret
979 2829 1071 2890 vetus
1105 2827 1152 2890 rei
1180 2826 1328 2911 publicae

94 2931 211 3014 forma,
239 2953 298 2998 nec
327 2954 463 3016 usquam
491 2932 689 3015 religiosius,
716 2954 813 3016 quam
837 2931 984 3017 Spartae,
1012 2932 1083 3017 lege
1108 2931 1330 3017 obligarentur

94 3039 196 3102 animi
225 3038 351 3102 civium.
398 3036 570 3102 Civitatem
598 3041 706 3101 autem
736 3039 857 3122 optimo
884 3039 953 3102 iure
981 3061 1047 3103 non
1073 3060 1184 3103 omnes
1207 3038 1327 3103 habue-

94 3149 183 3228 runt,
198 3145 268 3213 ,sed
296 3145 422 3209 nobiles
453 3144 519 3209 sive
543 3142 709 3227 Spartani,
735 3145 845 3228 stirpis
868 3137 1073 3228 potissimum
1097 3143 1248 3227 Doricae,
1272 3145 1328 3230 qui

93 3252 128 3315 in
156 3252 235 3316 urbe
268 3249 385 3334 Sparta
412 3250 610 3315 domicilium
637 3251 786 3332 fixerant,
816 3255 849 3315 et
875 3252 1046 3334 prudentia
1074 3273 1111 3315 ao
1139 3251 1328 3316 fortitudine

94 3358 321 3442 praestabant:
350 3357 447 3422 ceteri
469 3355 614 3420 Lacones
637 3357 672 3420 in
696 3357 822 3441 oppidis
847 3358 997 3442 agrisque
1021 3357 1193 3442 degebant,
1221 3358 1328 3440 specie

95 3465 202 3548 liberi,
230 3487 266 3529 re
293 3466 366 3548 ipsa
394 3463 537 3528 subiecti.
583 3462 645 3527 His
671 3485 785 3548 agrum
809 3462 1004 3528 Laconicum
1027 3466 1074 3529 ita
1096 3464 1234 3528 divisum
1258 3486 1328 3528 esse

95 3577 184 3636 certo
214 3573 353 3657 quodam
382 3575 525 3654 tempore
550 3571 698 3649 tradunt,
725 3574 762 3634 ut
785 3572 920 3635 sortium
943 3593 1059 3635 norem
1079 3568 1174 3635 inilia
1197 3568 1329 3655 Sparta·

94 3679 159 3757 nis,
192 3678 371 3744 Laconibus
402 3678 539 3763 triginta
566 3678 668 3761 milia,
696 3677 844 3761 singulae
872 3677 1009 3763 singulis
1036 3678 1177 3742 tributae
1205 3682 1327 3742 essent:

95 3808 176 3852 neve
195 3787 277 3852 alter
295 3786 397 3850 altero
421 3785 519 3850 ditior
541 3808 684 3869 unquam
709 3783 865 3867 evaderet,
888 3784 1048 3849 sancitum
1073 3787 1130 3867 cst,
1154 3787 1191 3848 ut
1214 3806 1327 3869 agrurn

94 3915 198 3979 neque
227 3892 290 3957 emi
314 3914 372 3957 neo
395 3892 504 3974 vendi,
533 3915 592 3957 nec
620 3892 733 3956 donari
762 3913 820 3957 neo
847 3891 963 3974 legari,
991 3913 1051 3956 nec
1078 3892 1175 3956 dividi
1204 3892 1329 3957 liceret:

95 4000 273 4065 hereditate
307 4000 346 4064 ad
378 3999 481 4062 filium
513 4004 593 4064 natu
626 3999 802 4063 maximum
835 3999 960 4083 integer
990 3998 1165 4081 transibat3
1200 3998 1328 4063 filiabus

97 4107 206 4172 dotem
237 4106 307 4171 dari
339 4104 558 4188 interdictum3
592 4105 677 4170 unde
710 4105 806 4169 binae
838 4105 985 4189 pluresve
1017 4108 1122 4169 sortes
1154 4105 1195 4169 ad
1228 4128 1328 4169 unum

96 4215 263 4298 pervenire
284 4213 462 4297 antiquitus
481 4234 544 4277 non
566 4215 749 4296 potuerunt.
791 4210 916 4295 Regum
936 4211 1083 4296 potentia
1101 4211 1258 4275 limitibus
1279 4234 1328 4275 ar-

95 4320 230 4384 tissimis
255 4320 511 4402 circumscripta:
535 4318 750 4403 Ephororum,
778 4318 888 4401 populi
911 4321 1064 4401 tutorum,
1093 4319 1210 4402 exigua
1232 4319 1327 4383 initio

98 4427 289 4509 auctoritas,
313 4432 495 4509 temporum
519 4428 615 4490 aucta
637 4424 724 4488 labe:
754 4422 891 4488 Senatus
915 4423 1155 4508 duodetriginta
1178 4424 1329 4510 virorum,

70 4529 168 4587 cartis
193 4535 275 4592 ante
298 4531 512 4613 Epirotarum
539 4531 798 4598 dominationem
822 4552 950 4596 summa
971 4530 1078 4595 fuerat
1098 4534 1260 4614 potestas,
1287 4554 1328 4596 ex
