2760 4868
594 226 788 288 ,9-

74 387 256 451 animorum
279 385 482 471 agilitatem,
510 386 676 473 ingenium
700 386 820 451 mobile
844 384 948 471 magis
971 407 1069 470 quem
1091 386 1232 469 firmum,
1260 386 1305 451 vi·

74 497 189 578 taeque
221 493 406 558 licentioris
439 515 583 558 amorem
615 492 787 559 maritimis
819 492 960 577 negotiis
993 491 1169 557 Aristotele
1203 493 1307 557 iudice

74 601 141 665 fere
159 600 372 665 coniunctum
395 600 587 665 declaravit:
614 601 662 665 ita
684 602 812 664 tantum
837 599 941 682 abest,
970 601 1007 662 ut
1030 603 1086 663 ant
1110 600 1306 683 optimorum

76 707 331 772 dominationem
355 706 477 772 diutius
501 729 598 791 passa
620 707 671 790 sit,
695 710 752 771 aut
775 727 919 771 severam
941 727 1067 770 morum
1091 705 1305 789 disciplinam,

76 835 138 898 qua
165 814 321 899 Spartani
349 814 609 898 delectabantur,
638 813 799 878 censuerit
825 812 1043 896 tolerabilem,
1072 817 1108 878 ut
1135 814 1232 878 etiam
1262 813 1307 878 vi-

77 928 142 985 tam
165 921 328 986 eiusmodi
351 922 522 1005 mancipiis
546 943 644 1006 quam
666 921 776 986 liberis
801 920 986 985 hominibus
1009 921 1167 1003 aptiorem
1191 920 1307 1005 vixque

78 1029 209 1092 sitalem
232 1028 370 1093 duxerit
414 1027 543 1112 ltaque,
565 1032 602 1092 ut
626 1027 775 1093 omittam
801 1027 969 1111 Theseum,
993 1050 1089 1113 quem
1112 1049 1178 1093 non
1201 1027 1305 1092 solum

78 1137 196 1201 civium
224 1135 412 1201 libertatem
439 1135 620 1200 vindicasse
649 1134 851 1218 praedicent,
884 1133 940 1199 sed
973 1135 1052 1219 ipsis
1080 1133 1178 1199 etiam
1207 1135 1308 1199 servis

79 1244 256 1328 benignum
279 1264 318 1308 ac
340 1246 543 1327 praesentem
567 1241 662 1306 deum
685 1245 895 1306 venerantur:
920 1238 1047 1306 Solonis
1066 1244 1211 1324 tempore
1235 1244 1310 1323 post

80 1350 199 1415 multas
221 1350 405 1415 factionum
433 1350 548 1415 clades'
564 1372 602 1415 eo
627 1349 792 1414 devenisse
815 1347 1019 1414 Athenarum
1046 1369 1097 1412 res
1125 1348 1245 1430 nostis,
1272 1351 1310 1412 ut

79 1478 210 1521 excusso
239 1477 313 1520 aere
342 1456 450 1521 alieno
475 1460 509 1521 et
535 1479 632 1541 nexu,
661 1478 724 1541 quo
751 1477 909 1539 pauperes
939 1455 1225 1540 obstringebantur
1252 1476 1308 1519 no·

79 1562 212 1646 bilibus,
241 1562 372 1627 sublato
396 1563 534 1629 molesto
559 1546 630 1628 illo'
644 1562 836 1648 populorum
861 1561 1003 1627 Orientis
1031 1562 1195 1645 instituto,
1223 1563 1307 1645 quod

81 1670 216 1755 singulis
240 1669 392 1734 tribubus
415 1670 501 1752 loco,
530 1671 687 1753 moribus,
716 1670 876 1735 connubio
905 1670 1083 1755 segregatis
1114 1691 1207 1733 suum
1236 1691 1307 1752 pro·

82 1777 184 1860 prium
213 1797 316 1861 genus
344 1777 431 1841 vitae
459 1776 685 1861 descripserat,
713 1779 877 1860 postremo
906 1777 1029 1841 abolita
1056 1775 1307 1860 Eupatridarum

81 1887 254 1966 potestate,
282 1886 410 1948 etcum
434 1884 583 1949 omnibus
611 1883 748 1966 civibus,
779 1887 907 1967 praeter
934 1883 1139 1967 proletarios,
1167 1901 1308 1948 commu·

81 1992 200 2073 niceta,
234 2011 337 2075 aequo
370 1990 437 2056 fere
463 1991 532 2055 iure
562 1990 740 2076 gauderent
767 1989 921 2070 universi,
953 2012 1013 2055 nee
1039 1995 1149 2055 tamen
1176 1990 1309 2055 effrena·

81 2101 146 2162 tum
179 2101 268 2162 esset
299 2096 404 2180 plebis
437 2097 624 2182 imperium,
661 2096 747 2181 quod
779 2119 819 2161 ne
854 2097 983 2182 quando
1015 2097 1201 2180 exsisteret,
1238 2101 1308 2161 tum

85 2203 255 2288 Areopagi,
280 2203 476 2268 sanctissimi
501 2207 632 2269 senatus
656 2207 689 2268 et
710 2202 832 2283 iudicii,
859 2204 1052 2268 auctoritate
1077 2226 1215 2287 summa,
1238 2209 1308 2268 tum

82 2311 205 2395 legibus
229 2314 360 2375 caverat
389 2310 623 2393 saluberrimis,
652 2331 711 2374 nec
734 2313 844 2373 temen
866 2309 906 2373 iis
930 2332 967 2376 eo
991 2310 1126 2375 consilio
1150 2310 1240 2395 latis,
1268 2332 1309 2375 ne

84 2417 198 2482 mutari
222 2438 364 2501 unquam
387 2421 533 2501 possent,
561 2416 617 2481 sed
646 2416 740 2500 copia
768 2415 844 2480 data
872 2417 993 2500 populo
1020 2438 1177 2482 noverum
1205 2416 1309 2481 feren-

83 2524 203 2591 darum.
247 2524 436 2610 Insequenti
453 2508 566 2588 ‘autem
590 2527 736 2606 tempore
760 2522 878 2606 quibus
901 2523 997 2588 rebus
1021 2546 1079 2608 per
1101 2521 1309 2609 Clisthenem,

83 2653 116 2696 ec
138 2630 291 2714 deinceps
315 2630 412 2695 simul
440 2652 511 2695 eum
540 2630 710 2695 navalibus
735 2629 983 2694 Atheniensium
1012 2630 1113 2715 copiis
1137 2651 1308 2714 augescen-

82 2738 178 2821 tibus,
207 2736 436 2802 Themistoclis
466 2758 577 2821 opera,
606 2737 742 2802 maxime
771 2756 847 2800 vero
871 2733 1002 2801 Periclis
1030 2736 1088 2800 ille
1115 2736 1237 2801 illustri
1260 2741 1309 2821 ty-

83 2844 214 2909 rannide
236 2844 342 2928 plebis
365 2843 511 2926 potentie
534 2844 706 2909 increverit
728 2864 802 2907 eum
828 2842 861 2906 in
886 2842 1031 2926 modum,
1059 2848 1097 2908 ut
1119 2843 1194 2908 belli
1218 2842 1309 2907 Pelo-

84 2950 270 3035 ponnesiaci
291 2954 399 3016 aetate
421 2950 521 3016 nullis
544 2950 670 3035 legibus
693 2951 809 3034 teneri,
837 2949 927 3014 nullo
951 2948 1086 3014 consilio
1110 2950 1193 3035 regi,
1221 2950 1311 3014 nulla

84 3057 237 3143 religione
265 3057 419 3122 deterreri
445 3057 487 3121 ab
515 3057 758 3122 immanissimis
787 3060 883 3142 atque
906 3057 1189 3141 impotentissimis
1213 3079 1308 3122 cona-

84 3163 168 3228 tibus
192 3164 301 3230 contio
324 3163 502 3229 furibunda
529 3164 685 3248 potuerit:
714 3185 780 3229 non
803 3167 853 3228 est
876 3162 961 3247 qnod
984 3163 1113 3228 uberius
1143 3184 1311 3248 exponam.

84 3270 165 3347 Quid
199 3270 285 3357 qnod
319 3271 382 3355 ipsi
416 3271 513 3354 servi,
547 3271 703 3355 exemplis
736 3271 939 3336 dominorum
972 3272 1140 3354 spectatis,
1172 3271 1311 3355 dataque

83 3378 164 3463 lege,
197 3381 235 3442 ut
261 3378 458 3463 mancipium
485 3376 653 3442 verberare
685 3378 788 3442 libero
817 3377 930 3460 cuique
957 3398 999 3458 ne
1027 3378 1151 3461 liceret,
1183 3376 1310 3441 liberio'·

84 3505 132 3549 res
159 3505 198 3550 ac
229 3484 434 3569 superbiores
465 3484 545 3550 facti
577 3488 654 3549 sunt
686 3506 783 3568 quam
812 3481 947 3567 Spartae
979 3483 1088 3549 cives?
1139 3481 1232 3548 Unde
1261 3483 1311 3546 vel

84 3613 198 3656 canum
220 3596 255 3656 et
277 3592 442 3657 asinorum
469 3592 740 3675 impudentiorem
763 3590 1131 3656 Athenisinsolentiam
1156 3611 1252 3674 quam
1276 3589 1311 3654 in

84 3698 198 3764 ceteris
221 3698 377 3763 Graeciae
404 3699 501 3763 terris
525 3698 617 3765 Plato
648 3699 751 3784 lepide
779 3699 979 3781 pronuntiat.
1025 3698 1126 3783 Atqui
1150 3697 1230 3761 haec
1254 3696 1311 3761 At-

83 3805 135 3870 tici
162 3805 279 3889 populi
303 3807 369 3870 sive
396 3806 529 3871 libertas
554 3807 621 3871 sive
649 3805 794 3888 licentia,
823 3806 958 3890 antiquo
982 3808 1070 3869 statu
1093 3805 1139 3868 rei
1163 3804 1311 3887 publicae

69 3914 271 3999 legibusque
296 3913 490 3978 salutaribus
518 3913 664 3977 funditus
693 3913 829 3996 eversis,
858 3935 1053 3997 quamquam
1081 3912 1250 3995 permultis
1280 3915 1312 3976 et

84 4020 120 4085 de
143 4021 253 4106 patria
276 4020 398 4104 optime
426 4020 549 4084 meritis
574 4019 698 4085 civibus
722 4021 820 4085 exitio
847 4020 922 4102 fuit,
950 4040 1144 4103 quamquam
1168 4018 1311 4082 moribus

83 4128 194 4211 probis
218 4148 319 4212 grave
341 4126 457 4191 inflixit
480 4128 609 4208 vulnus,
637 4149 818 4212 pravasque
846 4128 995 4192 libidines
1018 4127 1065 4191 ita
1088 4125 1237 4207 nutrivit,
1267 4128 1312 4197 ut,

83 4234 175 4319 quasi
198 4234 300 4300 herbe
322 4234 458 4319 irrigua,
485 4238 721 4299 succrescerent
750 4235 923 4319 uberrime3
952 4234 1088 4318 denique
1117 4255 1311 4317 quamquam

84 4340 288 4405 Athenarum
326 4340 509 4405 libertatem
547 4340 651 4424 ipsam
687 4340 723 4404 in
760 4338 931 4406 discrimen
970 4362 1130 4406 summum
1166 4338 1311 4404 adduxit:

84 4452 192 4511 tamen
219 4468 291 4511 eam
324 4446 438 4512 habuit
466 4447 544 4528 vim,
578 4451 614 4511 ut
645 4447 761 4512 laetior
789 4469 855 4514 non
883 4470 1024 4538 usquam
1050 4450 1149 4536 atoue
1176 4445 1319 4532 amphur

81 4553 219 4614 omm'um
239 4552 454 4633 ingenuarum
478 4553 597 4620 artium
624 4554 809 4628 effloruerit
832 4585 947 4656 seges:
970 4586 1057 4656 quas
1080 4582 1184 4631 utino
1208 4561 1265 4625 tet
1286 4557 1349 4642 ‘Ab‘
