2760 4868
586 181 801 245 ..17-

26 364 28 401 ε
84 338 319 421 ardentissima,
350 339 380 402 si
406 340 599 403 exercituum
624 340 791 423 virtutem,
818 341 1024 424 prudentiam
1048 342 1178 427 ducum,
1200 346 1251 407 tot
1273 364 1310 408 ac

26 506 29 543 ἰ
84 450 183 509 tantas
216 446 389 528 victorias,
423 446 556 531 denique
588 448 665 512 belli
694 448 880 533 gravissimi
913 449 1186 535 crudelissimique
1216 471 1309 515 eveu-

26 546 28 551 ’
85 558 147 615 tum
166 558 235 616 tam
250 574 448 636 prosperum
462 553 699 638 gloriosumque
714 576 778 618 uno
795 555 888 639 quasi
903 560 1077 641 conspectu
1093 556 1309 641 complectar?

84 657 171 723 Nunc
194 661 284 723 enim
304 661 533 725 immortaliter
555 660 743 725 laetandum
762 667 796 727 et
819 662 1043 728 exsultandum
1065 664 1200 746 videtur,
1223 685 1309 728 nunc

84 765 158 830 flexo
182 787 286 851 genu,
313 767 465 831 manibus
494 767 534 831 ad
561 768 687 833 caelum
713 769 826 852 tensis,
855 791 975 834 numen
1003 770 1146 835 divinum
1174 770 1307 834 adoran·

83 871 164 954 dnm,
199 875 293 938 cuius
320 873 476 938 beneficio
503 879 597 939 tanta
629 876 821 941 mortalibus
850 898 934 941 nova
961 882 994 941 et
1023 876 1154 942 iamiam
1182 877 1310 940 insueta

83 980 216 1044 felicitas
246 980 431 1065 contigerit.
476 979 588 1065 Neque
621 981 728 1065 aliter,
760 987 798 1046 ut
830 1005 890 1068 ego
927 983 1079 1066 arbitror,
1110 1004 1168 1046 vos
1201 982 1308 1046 affecti

82 1087 163 1150 estis.
218 1087 335 1172 Itaque
364 1109 463 1170 quum
495 1087 659 1152 neminem
687 1110 725 1152 ea
757 1090 996 1173 exspectatione
1028 1090 1090 1153 huc
1122 1089 1309 1153 convenisse

82 1193 230 1276 arbitrer,
254 1198 383 1258 utrem
407 1193 585 1278 quamlibet
608 1194 807 1279 edoceretur,
831 1195 885 1283 sed
909 1200 946 1260 ut
968 1218 1081 1261 sensus
1104 1199 1234 1261 nostros
1258 1216 1308 1260 co-

81 1304 252 1384 gnosceret
280 1301 410 1384 suisque
438 1301 601 1384 misceret,
632 1300 712 1365 nihil
742 1301 784 1366 ab
810 1301 874 1366 hoc
902 1301 953 1367 die
983 1303 1162 1387 animisque
1190 1303 1306 1366 civium

79 1407 114 1470 ad
133 1408 249 1491 magni
269 1407 369 1492 Regis
388 1408 500 1472 meritc
521 1408 613 1472 unice
632 1391 767 1471 intentis
787 1408 890 1493 magis
913 1410 1053 1473 alienum
1072 1409 1186 1492 habeo,
1210 1430 1305 1493 quam

78 1519 253 1598 sumptum,
272 1517 310 1577 ut
329 1514 420 1596 solet,
439 1536 477 1577 ex
496 1514 605 1598 aliquo
624 1515 790 1579 doctrinae
805 1516 909 1598 capite
929 1519 1164 1601 argumentum.
1192 1514 1306 1578 Postu·

77 1620 134 1684 lari
162 1643 183 1684 a
212 1643 265 1684 me
294 1620 374 1684 illud
403 1620 509 1704 video,
543 1623 627 1706 quod
660 1623 756 1708 longe
786 1627 834 1687 est
862 1623 1099 1706 difficillimum,
1131 1626 1168 1686 ut
1199 1643 1305 1686 rerum

78 1724 233 1792 Friderici
257 1726 412 1791 Guilelmi
440 1727 591 1810 auspiciis
618 1728 746 1792 fortiter
774 1728 973 1813 feliciterque
999 1733 1163 1814 gestarum
1186 1750 1305 1792 memo-

77 1833 122 1897 n'a
145 1842 316 1916 revocata,
343 1837 500 1918 quantum
523 1835 577 1899 ille
601 1856 670 1898 sese
693 1835 907 1919 praestiterit,
932 1839 1053 1919 quanta
1076 1857 1095 1898 a
1117 1834 1209 1898 nobis
1233 1854 1306 1918 gra-

77 1942 132 2024 tia,
160 1948 286 2026 quanta
314 1941 519 2024 verecundia,
547 1946 668 2026 quanta
695 1942 816 2026 pietate
842 1942 1085 2026 prosequendus
1114 1941 1169 2024 sit,
1200 1941 1305 2004 verbis

76 2047 230 2132 gravibus
254 2070 294 2112 ac
322 2048 494 2113 luculentis
522 2052 779 2114 commonstrem.
826 2048 872 2113 At
894 2048 1000 2113 hercle
1023 2051 1132 2114 nescio
1156 2071 1197 2112 an
1222 2049 1305 2132 quis·

76 2175 170 2237 quam
193 2153 272 2218 huic
296 2155 496 2237 amplissimo
518 2155 645 2219 muneri
669 2154 859 2219 sustinendo
879 2156 983 2240 magis
1003 2179 1099 2241 quam
1120 2176 1180 2241 ego
1201 2156 1306 2236 impar

76 2259 238 2345 rideatur,
266 2262 413 2346 quinon
436 2284 507 2327 meo
533 2262 668 2327 consilio
692 2262 748 2326 sed
772 2265 893 2345 vestro,
920 2261 1046 2342 Patres,
1075 2263 1183 2349 regiae
1206 2263 1304 2328 virtu·

77 2367 117 2431 tis
139 2389 259 2452 praeco
284 2368 483 2433 constitutus
506 2391 587 2434 sum.
624 2367 745 2444 Quodsi
768 2390 819 2432 res
842 2389 977 2453 magnas
1001 2371 1119 2435 diserte
1143 2369 1305 2434 celebrare

75 2476 190 2540 merito
214 2475 353 2540 arduum
375 2474 526 2558 habetur,
555 2475 631 2559 quid
654 2474 757 2540 dicam
782 2474 820 2538 de
844 2475 922 2558 illis,
951 2498 1032 2560 quae
1061 2476 1209 2540 videntur
1231 2479 1306 2559 post

76 2580 246 2646 hominum
276 2581 464 2646 memoriam
488 2604 559 2647 esse
586 2582 769 2646 maximae?
816 2582 931 2665 quibus
955 2605 1052 2667 quum
1076 2581 1304 2646 Demosthenis

77 2687 212 2752 alicuius
243 2692 302 2754 aut
329 2687 493 2754 Ciceronis
522 2689 739 2774 eloquentiam
766 2688 819 2751 vix
849 2688 1013 2753 arbitreris
1042 2689 1199 2766 sufficere,
1227 2709 1303 2751 num

75 2791 243 2861 hominem
274 2817 313 2859 ex
341 2796 455 2860 umbra
482 2795 663 2860 litterarum
689 2794 722 2858 in
751 2794 912 2859 contionis
934 2796 1038 2859 lucem
1061 2794 1145 2858 hanc
1168 2793 1306 2858 clarissi-

76 2922 160 2965 mam
193 2901 387 2985 productum
420 2925 526 2966 rerum
555 2905 720 2986 gestarum
753 2901 1009 2987 magnitudinem
1042 2921 1178 2985 aequare
1211 2899 1305 2964 dictis

77 3028 171 3089 posse
194 3007 350 3073 censeas?
383 3007 540 3084 Quocirca
558 3031 656 3092 quum
675 3008 863 3092 intelligam,
887 3028 958 3071 eam
980 3007 1059 3071 mihi
1082 3005 1209 3070 veniam
1233 3005 1305 3071 dari

76 3135 140 3179 non
164 3138 271 3200 posse,
294 3138 335 3180 ne
358 3138 425 3180 rem
452 3113 675 3200 gravissimam
695 3115 874 3200 aggrediar,
896 3114 980 3177 idem
1004 3135 1079 3178 vero
1103 3111 1304 3198 perspiciam,

76 3221 102 3284 si
125 3223 313 3286 universam
335 3221 465 3286 laudum
495 3223 661 3286 materiem
691 3219 960 3305 comprehendere
984 3219 1112 3302 vellem,
1140 3219 1224 3284 vires
1252 3240 1303 3282 me

76 3326 257 3394 defecturas
281 3350 365 3411 esse3
389 3349 452 3411 quo
477 3327 688 3392 sollemnibus
712 3327 763 3392 his
788 3327 897 3411 aliqua
915 3348 953 3390 ex
976 3331 1069 3411 parte
1089 3328 1304 3408 attemperata

76 3456 147 3499 mea
165 3435 273 3500 oratio
293 3416 345 3518 sit,
363 3435 501 3498 mediam
520 3434 680 3518 quandam
701 3434 786 3498 viam
805 3432 935 3496 tenebo:
955 3433 994 3497 de
1014 3432 1155 3497 civitatis
1173 3434 1304 3496 nostrae

75 3540 230 3607 felicitate
263 3539 417 3605 Friderici
450 3539 603 3604 Guilelmi
636 3540 811 3605 virtutibus
844 3539 987 3602 stabilita
1018 3539 1130 3623 paucis
1162 3538 1208 3601 ita
1240 3535 1304 3601 dis-

76 3669 195 3732 seram,
224 3651 263 3712 ut
290 3669 393 3731 neque
421 3648 543 3730 omnia,
577 3646 692 3730 quibus
720 3646 827 3729 patria
854 3645 970 3726 utitur,
997 3646 1084 3710 bona
1111 3664 1304 3726 enumerem,

75 3776 177 3839 neque
202 3754 352 3819 omittam
376 3775 426 3836 ea,
453 3775 511 3836 per
535 3776 617 3838 quae
641 3753 824 3836 nuperrime
848 3774 886 3815 ex
911 3774 1037 3843 summa
1061 3771 1226 3834 emergens
1252 3771 1302 3815 ca-

75 3860 221 3936 lamitate
254 3860 392 3945 gloriam
424 3860 639 3923 immortalem
673 3863 845 3924 consecuta
877 3863 935 3922 est.
985 3858 1140 3922 Attamen
1173 3856 1224 3919 vel
1257 3856 1303 3920 sic

75 3974 216 4031 vestram
240 3966 321 4031 mihi
344 3965 579 4050 indulgentiam
603 3965 797 4040 exorandam
822 3964 925 4046 video,
954 3969 999 4047 ut,
1022 3965 1049 4029 si
1072 3984 1223 4028 numeros
1247 3984 1302 4045 pa-

75 4096 145 4138 mm
173 4073 389 4158 impleverim,
417 4072 577 4137 voluntati
603 4094 693 4137 meae
723 4072 914 4157 ignoscatis,
945 4094 982 4136 ac
1006 4093 1088 4156 quae
1112 4069 1258 4151 dixerim,
1285 4092 1302 4132 e

76 4179 301 4244 benevolentia
323 4183 430 4244 vestra
454 4201 550 4263 quam
574 4201 591 4242 e
615 4200 721 4243 rerum
745 4178 903 4263 dignitate
927 4176 1033 4261 magis
1056 4177 1213 4241 iudicetis.

164 4284 228 4351 Sed
252 4285 523 4369 circumspicienti
542 4285 630 4366 mihi,
654 4308 717 4370 quo
737 4308 786 4350 me
811 4285 949 4368 primum
972 4285 1168 4365 convertam,
1193 4304 1301 4366 quem-

77 4392 249 4458 admodum
274 4393 329 4478 qui
352 4392 496 4457 Atticam
521 4392 685 4456 civitatem
709 4391 785 4456 olim
809 4390 999 4474 laudabant,
1022 4389 1210 4475 praecipuas
1235 4389 1302 4451 eius

74 4501 304 4580 prosperitates
329 4499 363 4560 in
387 4498 542 4579 populari
567 4498 705 4584 imperio
739 4524 864 4589 ponere
894 4502 1022 4591 solent,
1052 4501 1106 4571 ita
1129 4502 1329 4566 nostrorum

111 4606 223 4644 Bonam
237 4606 305 4644 Onu.
1098 4618 1119 4667 q
