<?xml version="1.0" encoding="UTF-8"?>
<!DOCTYPE html PUBLIC "-//W3C//DTD XHTML 1.0 Transitional//EN"
    "http://www.w3.org/TR/xhtml1/DTD/xhtml1-transitional.dtd">
<html xmlns="http://www.w3.org/1999/xhtml" xml:lang="en" lang="en">
 <head>
  <title>
</title>
<meta http-equiv="Content-Type" content="text/html;charset=utf-8" />
  <meta name='ocr-system' content='tesseract 3.04.00' />
  <meta name='ocr-capabilities' content='ocr_page ocr_carea ocr_par ocr_line ocrx_word'/>
</head>
<body>
  <div class='ocr_page' id='page_1' title='image "augustboeckhsge00bratgoog_0041.png"; bbox 0 0 2760 4868; ppageno 0'>
   <div class='ocr_carea' id='block_1_1' title="bbox 564 211 780 275">
    <p class='ocr_par' dir='ltr' id='par_1_1' title="bbox 564 211 780 275">
     <span class='ocr_line' id='line_1_1' title="bbox 564 211 780 275; baseline -0.009 -17"><span class='ocrx_word' id='word_1_1' title='bbox 564 211 780 275; x_wconf 65' lang='lat'>..23-</span> 
     </span>
    </p>
   </div>
   <div class='ocr_carea' id='block_1_2' title="bbox 10 371 1288 4631">
    <p class='ocr_par' dir='ltr' id='par_1_2' title="bbox 10 371 1288 4631">
     <span class='ocr_line' id='line_1_2' title="bbox 72 371 1287 459; baseline 0.002 -21"><span class='ocrx_word' id='word_1_2' title='bbox 72 375 142 459; x_wconf 87' lang='lat' dir='ltr'><strong>quod</strong></span> <span class='ocrx_word' id='word_1_3' title='bbox 164 374 252 458; x_wconf 89' lang='lat' dir='ltr'><strong>apud</strong></span> <span class='ocrx_word' id='word_1_4' title='bbox 276 373 352 437; x_wconf 90' lang='lat' dir='ltr'><strong>illos</strong></span> <span class='ocrx_word' id='word_1_5' title='bbox 376 372 463 456; x_wconf 84' lang='lat' dir='ltr'><strong>dico,</strong></span> <span class='ocrx_word' id='word_1_6' title='bbox 489 373 541 456; x_wconf 91' lang='lat' dir='ltr'><strong>qui</strong></span> <span class='ocrx_word' id='word_1_7' title='bbox 566 394 673 436; x_wconf 91' lang='lat' dir='ltr'><strong>rerum</strong></span> <span class='ocrx_word' id='word_1_8' title='bbox 697 394 762 437; x_wconf 90' lang='lat' dir='ltr'><strong>non</strong></span> <span class='ocrx_word' id='word_1_9' title='bbox 786 371 881 435; x_wconf 88' lang='lat' dir='ltr'><strong>modo</strong></span> <span class='ocrx_word' id='word_1_10' title='bbox 905 375 1004 436; x_wconf 86' lang='lat' dir='ltr'><strong>testes</strong></span> <span class='ocrx_word' id='word_1_11' title='bbox 1029 394 1066 436; x_wconf 85' lang='lat' dir='ltr'><strong>aa</strong></span> <span class='ocrx_word' id='word_1_12' title='bbox 1089 377 1287 458; x_wconf 76' lang='lat' dir='ltr'>spectatores</span> 
     </span>
     <span class='ocr_line' id='line_1_3' title="bbox 71 479 1288 566; baseline -0.001 -19"><span class='ocrx_word' id='word_1_13' title='bbox 71 483 198 566; x_wconf 84' lang='lat' dir='ltr'><strong>luemnt,</strong></span> <span class='ocrx_word' id='word_1_14' title='bbox 221 480 278 545; x_wconf 90' lang='lat' dir='ltr'><strong>sed</strong></span> <span class='ocrx_word' id='word_1_15' title='bbox 304 480 522 546; x_wconf 75' lang='lat' dir='ltr'><strong>moderatores</strong></span> <span class='ocrx_word' id='word_1_16' title='bbox 547 485 579 545; x_wconf 92' lang='lat' dir='ltr'><strong>et</strong></span> <span class='ocrx_word' id='word_1_17' title='bbox 602 485 742 545; x_wconf 89' lang='lat' dir='ltr'><strong>actores:</strong></span> <span class='ocrx_word' id='word_1_18' title='bbox 769 484 805 544; x_wconf 89' lang='lat' dir='ltr'><strong>ut</strong></span> <span class='ocrx_word' id='word_1_19' title='bbox 828 479 967 544; x_wconf 88' lang='lat' dir='ltr'><strong>sufficiat</strong></span> <span class='ocrx_word' id='word_1_20' title='bbox 989 480 1137 565; x_wconf 74' lang='lat' dir='ltr'><strong>attigisse</strong></span> <span class='ocrx_word' id='word_1_21' title='bbox 1161 481 1288 566; x_wconf 90' lang='lat' dir='ltr'><strong>singula</strong></span> 
     </span>
     <span class='ocr_line' id='line_1_4' title="bbox 67 586 1287 672; baseline 0 -18"><span class='ocrx_word' id='word_1_22' title='bbox 67 596 94 655; x_wconf 80' lang='lat' dir='ltr'><strong>et</strong></span> <span class='ocrx_word' id='word_1_23' title='bbox 117 591 151 654; x_wconf 90' lang='lat' dir='ltr'><strong>iu</strong></span> <span class='ocrx_word' id='word_1_24' title='bbox 178 589 371 654; x_wconf 84' lang='lat' dir='ltr'><strong>memoriam</strong></span> <span class='ocrx_word' id='word_1_25' title='bbox 404 609 580 654; x_wconf 82' lang='lat' dir='ltr'><strong>revocasse.</strong></span> <span class='ocrx_word' id='word_1_26' title='bbox 630 586 715 652; x_wconf 89' lang='lat' dir='ltr'><strong>Nam</strong></span> <span class='ocrx_word' id='word_1_27' title='bbox 744 609 782 651; x_wconf 89' lang='lat' dir='ltr'><strong>ex</strong></span> <span class='ocrx_word' id='word_1_28' title='bbox 811 587 867 651; x_wconf 90' lang='lat' dir='ltr'><strong>illa</strong></span> <span class='ocrx_word' id='word_1_29' title='bbox 894 586 1007 671; x_wconf 91' lang='lat' dir='ltr'><strong>populi</strong></span> <span class='ocrx_word' id='word_1_30' title='bbox 1038 590 1072 650; x_wconf 93' lang='lat' dir='ltr'><strong>et</strong></span> <span class='ocrx_word' id='word_1_31' title='bbox 1098 588 1184 672; x_wconf 89' lang='lat' dir='ltr'><strong>regis</strong></span> <span class='ocrx_word' id='word_1_32' title='bbox 1214 611 1287 654; x_wconf 89' lang='lat' dir='ltr'><strong>con-</strong></span> 
     </span>
     <span class='ocr_line' id='line_1_5' title="bbox 65 695 1287 780; baseline -0.001 -18"><span class='ocrx_word' id='word_1_33' title='bbox 65 697 165 762; x_wconf 85' lang='lat' dir='ltr'><strong>cordia</strong></span> <span class='ocrx_word' id='word_1_34' title='bbox 196 695 458 780; x_wconf 86' lang='lat' dir='ltr'><strong>praeclarissima</strong></span> <span class='ocrx_word' id='word_1_35' title='bbox 495 699 588 760; x_wconf 88' lang='lat' dir='ltr'><strong>tanta</strong></span> <span class='ocrx_word' id='word_1_36' title='bbox 625 695 740 758; x_wconf 87' lang='lat' dir='ltr'><strong>civium</strong></span> <span class='ocrx_word' id='word_1_37' title='bbox 773 695 881 759; x_wconf 86' lang='lat' dir='ltr'><strong>extitit</strong></span> <span class='ocrx_word' id='word_1_38' title='bbox 917 695 1096 778; x_wconf 87' lang='lat' dir='ltr'><strong>contentio,</strong></span> <span class='ocrx_word' id='word_1_39' title='bbox 1132 700 1287 780; x_wconf 87' lang='lat' dir='ltr'><strong>quantam</strong></span> 
     </span>
     <span class='ocr_line' id='line_1_6' title="bbox 10 801 1288 868; baseline 0 0"><span class='ocrx_word' id='word_1_40' title='bbox 10 814 12 825; x_wconf 93' lang='lat'>&#39;</span> <span class='ocrx_word' id='word_1_41' title='bbox 63 804 164 868; x_wconf 86' lang='lat' dir='ltr'><strong>nescio</strong></span> <span class='ocrx_word' id='word_1_42' title='bbox 193 825 236 866; x_wconf 90' lang='lat' dir='ltr'><strong>an</strong></span> <span class='ocrx_word' id='word_1_43' title='bbox 266 802 357 868; x_wconf 87' lang='lat' dir='ltr'><strong>nulla</strong></span> <span class='ocrx_word' id='word_1_44' title='bbox 385 803 501 867; x_wconf 86' lang='lat' dir='ltr'><strong>viderit</strong></span> <span class='ocrx_word' id='word_1_45' title='bbox 528 806 630 867; x_wconf 88' lang='lat' dir='ltr'><strong>aetas:</strong></span> <span class='ocrx_word' id='word_1_46' title='bbox 663 802 710 866; x_wconf 90' lang='lat' dir='ltr'><strong>ita</strong></span> <span class='ocrx_word' id='word_1_47' title='bbox 738 823 849 866; x_wconf 91' lang='lat' dir='ltr'><strong>omnes</strong></span> <span class='ocrx_word' id='word_1_48' title='bbox 882 801 1024 866; x_wconf 90' lang='lat' dir='ltr'><strong>omnium</strong></span> <span class='ocrx_word' id='word_1_49' title='bbox 1054 801 1202 865; x_wconf 89' lang='lat' dir='ltr'><strong>ordinum</strong></span> <span class='ocrx_word' id='word_1_50' title='bbox 1231 802 1288 868; x_wconf 91' lang='lat' dir='ltr'><strong>ho-</strong></span> 
     </span>
     <span class='ocr_line' id='line_1_7' title="bbox 63 907 1287 995; baseline -0.002 -20"><span class='ocrx_word' id='word_1_51' title='bbox 63 912 161 975; x_wconf 88' lang='lat' dir='ltr'><strong>miues</strong></span> <span class='ocrx_word' id='word_1_52' title='bbox 184 909 432 993; x_wconf 80' lang='lat' dir='ltr'><strong>conspirabant,</strong></span> <span class='ocrx_word' id='word_1_53' title='bbox 456 914 492 974; x_wconf 91' lang='lat' dir='ltr'><strong>ut</strong></span> <span class='ocrx_word' id='word_1_54' title='bbox 515 908 670 995; x_wconf 92' lang='lat' dir='ltr'><strong>quidquid</strong></span> <span class='ocrx_word' id='word_1_55' title='bbox 694 909 755 973; x_wconf 89' lang='lat' dir='ltr'><strong>sibi</strong></span> <span class='ocrx_word' id='word_1_56' title='bbox 779 908 979 973; x_wconf 87' lang='lat' dir='ltr'><strong>carissimum</strong></span> <span class='ocrx_word' id='word_1_57' title='bbox 1005 911 1103 991; x_wconf 89' lang='lat' dir='ltr'><strong>esset,</strong></span> <span class='ocrx_word' id='word_1_58' title='bbox 1127 907 1208 993; x_wconf 89' lang='lat' dir='ltr'><strong>Regi</strong></span> <span class='ocrx_word' id='word_1_59' title='bbox 1230 930 1287 991; x_wconf 88' lang='lat' dir='ltr'><strong>pa·</strong></span> 
     </span>
     <span class='ocr_line' id='line_1_8' title="bbox 61 1015 1286 1102; baseline -0.002 -19"><span class='ocrx_word' id='word_1_60' title='bbox 61 1018 202 1102; x_wconf 88' lang='lat' dir='ltr'><strong>triaeque</strong></span> <span class='ocrx_word' id='word_1_61' title='bbox 240 1016 377 1101; x_wconf 91' lang='lat' dir='ltr'><strong>quisque</strong></span> <span class='ocrx_word' id='word_1_62' title='bbox 416 1016 580 1099; x_wconf 87' lang='lat' dir='ltr'><strong>offerrent,</strong></span> <span class='ocrx_word' id='word_1_63' title='bbox 622 1015 677 1080; x_wconf 90' lang='lat' dir='ltr'><strong>alii</strong></span> <span class='ocrx_word' id='word_1_64' title='bbox 713 1015 898 1099; x_wconf 88' lang='lat' dir='ltr'><strong>pecuniam,</strong></span> <span class='ocrx_word' id='word_1_65' title='bbox 940 1037 1066 1099; x_wconf 87' lang='lat' dir='ltr'><strong>aurum,</strong></span> <span class='ocrx_word' id='word_1_66' title='bbox 1108 1019 1286 1100; x_wconf 86' lang='lat' dir='ltr'><strong>argentum,</strong></span> 
     </span>
     <span class='ocr_line' id='line_1_9' title="bbox 60 1121 1287 1209; baseline -0.002 -20"><span class='ocrx_word' id='word_1_67' title='bbox 60 1124 143 1209; x_wconf 86' lang='lat' dir='ltr'><strong>quod</strong></span> <span class='ocrx_word' id='word_1_68' title='bbox 166 1123 205 1188; x_wconf 90' lang='lat' dir='ltr'><strong>de</strong></span> <span class='ocrx_word' id='word_1_69' title='bbox 225 1124 329 1187; x_wconf 89' lang='lat' dir='ltr'><strong>multo</strong></span> <span class='ocrx_word' id='word_1_70' title='bbox 354 1127 519 1207; x_wconf 84' lang='lat' dir='ltr'><strong>supererat</strong></span> <span class='ocrx_word' id='word_1_71' title='bbox 542 1123 703 1208; x_wconf 85' lang='lat' dir='ltr'><strong>exiguum,</strong></span> <span class='ocrx_word' id='word_1_72' title='bbox 726 1122 781 1186; x_wconf 88' lang='lat' dir='ltr'><strong>alii</strong></span> <span class='ocrx_word' id='word_1_73' title='bbox 805 1143 865 1185; x_wconf 88' lang='lat' dir='ltr'><strong>sua</strong></span> <span class='ocrx_word' id='word_1_74' title='bbox 888 1125 920 1185; x_wconf 89' lang='lat' dir='ltr'><strong>et</strong></span> <span class='ocrx_word' id='word_1_75' title='bbox 943 1121 1118 1186; x_wconf 90' lang='lat' dir='ltr'><strong>liberorum</strong></span> <span class='ocrx_word' id='word_1_76' title='bbox 1142 1144 1287 1209; x_wconf 85' lang='lat' dir='ltr'><strong>corpora,</strong></span> 
     </span>
     <span class='ocr_line' id='line_1_10' title="bbox 60 1228 1285 1314; baseline -0.002 -18"><span class='ocrx_word' id='word_1_77' title='bbox 60 1232 112 1296; x_wconf 86' lang='lat' dir='ltr'><strong>alii</strong></span> <span class='ocrx_word' id='word_1_78' title='bbox 151 1235 322 1314; x_wconf 89' lang='lat' dir='ltr'><strong>utrumque</strong></span> <span class='ocrx_word' id='word_1_79' title='bbox 359 1230 520 1294; x_wconf 90' lang='lat' dir='ltr'><strong>communi</strong></span> <span class='ocrx_word' id='word_1_80' title='bbox 557 1228 690 1293; x_wconf 86' lang='lat' dir='ltr'><strong>utilitati</strong></span> <span class='ocrx_word' id='word_1_81' title='bbox 728 1232 969 1296; x_wconf 88' lang='lat' dir='ltr'><strong>consecrantes:</strong></span> <span class='ocrx_word' id='word_1_82' title='bbox 1011 1232 1044 1292; x_wconf 91' lang='lat' dir='ltr'><strong>et</strong></span> <span class='ocrx_word' id='word_1_83' title='bbox 1079 1251 1177 1313; x_wconf 92' lang='lat' dir='ltr'><strong>quum</strong></span> <span class='ocrx_word' id='word_1_84' title='bbox 1215 1231 1285 1294; x_wconf 89' lang='lat' dir='ltr'><strong>aliis</strong></span> 
     </span>
     <span class='ocr_line' id='line_1_11' title="bbox 59 1336 1286 1421; baseline -0.002 -19"><span class='ocrx_word' id='word_1_85' title='bbox 59 1339 136 1403; x_wconf 87' lang='lat' dir='ltr'><strong>locis</strong></span> <span class='ocrx_word' id='word_1_86' title='bbox 163 1338 293 1421; x_wconf 86' lang='lat' dir='ltr'><strong>alioque</strong></span> <span class='ocrx_word' id='word_1_87' title='bbox 321 1339 466 1420; x_wconf 82' lang='lat' dir='ltr'><strong>tempore</strong></span> <span class='ocrx_word' id='word_1_88' title='bbox 493 1336 617 1401; x_wconf 74' lang='lat' dir='ltr'><strong>tributa</strong></span> <span class='ocrx_word' id='word_1_89' title='bbox 644 1336 859 1419; x_wconf 89' lang='lat' dir='ltr'><strong>penderentur</strong></span> <span class='ocrx_word' id='word_1_90' title='bbox 889 1356 997 1421; x_wconf 80' lang='lat' dir='ltr'><strong>aegre,</strong></span> <span class='ocrx_word' id='word_1_91' title='bbox 1031 1337 1160 1421; x_wconf 78' lang='lat' dir='ltr'><strong>aegrius</strong></span> <span class='ocrx_word' id='word_1_92' title='bbox 1188 1337 1286 1401; x_wconf 88' lang='lat' dir='ltr'><strong>etiam</strong></span> 
     </span>
     <span class='ocr_line' id='line_1_12' title="bbox 60 1442 1285 1530; baseline -0.002 -20"><span class='ocrx_word' id='word_1_93' title='bbox 60 1445 222 1530; x_wconf 85' lang='lat' dir='ltr'><strong>stipendia</strong></span> <span class='ocrx_word' id='word_1_94' title='bbox 249 1445 376 1526; x_wconf 87' lang='lat' dir='ltr'><strong>fierent,</strong></span> <span class='ocrx_word' id='word_1_95' title='bbox 409 1442 549 1527; x_wconf 91' lang='lat' dir='ltr'><strong>primum</strong></span> <span class='ocrx_word' id='word_1_96' title='bbox 577 1444 662 1527; x_wconf 88' lang='lat' dir='ltr'><strong>apud</strong></span> <span class='ocrx_word' id='word_1_97' title='bbox 695 1465 756 1507; x_wconf 90' lang='lat' dir='ltr'><strong>nos</strong></span> <span class='ocrx_word' id='word_1_98' title='bbox 784 1442 895 1506; x_wconf 89' lang='lat' dir='ltr'><strong>ordine</strong></span> <span class='ocrx_word' id='word_1_99' title='bbox 924 1465 1030 1507; x_wconf 91' lang='lat' dir='ltr'><strong>rerum</strong></span> <span class='ocrx_word' id='word_1_100' title='bbox 1059 1444 1185 1507; x_wconf 86' lang='lat' dir='ltr'><strong>inverso</strong></span> <span class='ocrx_word' id='word_1_101' title='bbox 1215 1444 1285 1527; x_wconf 91' lang='lat' dir='ltr'><strong>plus</strong></span> 
     </span>
     <span class='ocr_line' id='line_1_13' title="bbox 60 1549 1286 1634; baseline -0.003 -16"><span class='ocrx_word' id='word_1_102' title='bbox 60 1554 159 1619; x_wconf 89' lang='lat' dir='ltr'><strong>mullo</strong></span> <span class='ocrx_word' id='word_1_103' title='bbox 188 1552 344 1617; x_wconf 90' lang='lat' dir='ltr'><strong>collatum</strong></span> <span class='ocrx_word' id='word_1_104' title='bbox 373 1554 423 1615; x_wconf 87' lang='lat' dir='ltr'><strong>est</strong></span> <span class='ocrx_word' id='word_1_105' title='bbox 445 1571 541 1633; x_wconf 90' lang='lat' dir='ltr'><strong>quam</strong></span> <span class='ocrx_word' id='word_1_106' title='bbox 570 1551 775 1634; x_wconf 79' lang='lat' dir='ltr'><strong>poscebatur3</strong></span> <span class='ocrx_word' id='word_1_107' title='bbox 807 1549 1038 1615; x_wconf 90' lang='lat' dir='ltr'><strong>adolescentuli</strong></span> <span class='ocrx_word' id='word_1_108' title='bbox 1068 1549 1201 1634; x_wconf 90' lang='lat' dir='ltr'><strong>scholis,</strong></span> <span class='ocrx_word' id='word_1_109' title='bbox 1227 1550 1286 1614; x_wconf 91' lang='lat' dir='ltr'><strong>filii</strong></span> 
     </span>
     <span class='ocr_line' id='line_1_14' title="bbox 61 1657 1288 1744; baseline -0.004 -19"><span class='ocrx_word' id='word_1_110' title='bbox 61 1659 261 1744; x_wconf 85' lang='lat' dir='ltr'><strong>parentibus,</strong></span> <span class='ocrx_word' id='word_1_111' title='bbox 290 1659 424 1723; x_wconf 84' lang='lat' dir='ltr'><strong>iuvenes</strong></span> <span class='ocrx_word' id='word_1_112' title='bbox 447 1658 589 1741; x_wconf 85' lang='lat' dir='ltr'><strong>sponsis,</strong></span> <span class='ocrx_word' id='word_1_113' title='bbox 617 1657 725 1721; x_wconf 87' lang='lat' dir='ltr'><strong>mariti</strong></span> <span class='ocrx_word' id='word_1_114' title='bbox 750 1657 902 1721; x_wconf 90' lang='lat' dir='ltr'><strong>uxoribus</strong></span> <span class='ocrx_word' id='word_1_115' title='bbox 930 1658 1049 1723; x_wconf 89' lang='lat' dir='ltr'><strong>relictis</strong></span> <span class='ocrx_word' id='word_1_116' title='bbox 1076 1657 1288 1741; x_wconf 90' lang='lat' dir='ltr'><strong>postulabant</strong></span> 
     </span>
     <span class='ocr_line' id='line_1_15' title="bbox 61 1763 1285 1850; baseline -0.004 -19"><span class='ocrx_word' id='word_1_117' title='bbox 61 1768 223 1832; x_wconf 88' lang='lat' dir='ltr'><strong>militiam:</strong></span> <span class='ocrx_word' id='word_1_118' title='bbox 258 1765 343 1850; x_wconf 89' lang='lat' dir='ltr'><strong>siqui</strong></span> <span class='ocrx_word' id='word_1_119' title='bbox 372 1770 429 1828; x_wconf 91' lang='lat' dir='ltr'><strong>aut</strong></span> <span class='ocrx_word' id='word_1_120' title='bbox 456 1764 641 1829; x_wconf 89' lang='lat' dir='ltr'><strong>valetudine</strong></span> <span class='ocrx_word' id='word_1_121' title='bbox 670 1767 726 1827; x_wconf 90' lang='lat' dir='ltr'><strong>aut</strong></span> <span class='ocrx_word' id='word_1_122' title='bbox 758 1763 945 1828; x_wconf 90' lang='lat' dir='ltr'><strong>muneribus</strong></span> <span class='ocrx_word' id='word_1_123' title='bbox 972 1764 1111 1846; x_wconf 80' lang='lat' dir='ltr'><strong>publicis</strong></span> <span class='ocrx_word' id='word_1_124' title='bbox 1140 1767 1196 1827; x_wconf 92' lang='lat' dir='ltr'><strong>aut</strong></span> <span class='ocrx_word' id='word_1_125' title='bbox 1223 1763 1285 1847; x_wconf 92' lang='lat' dir='ltr'><strong>pri-</strong></span> 
     </span>
     <span class='ocr_line' id='line_1_16' title="bbox 60 1870 1285 1955; baseline 0 -19"><span class='ocrx_word' id='word_1_126' title='bbox 60 1875 140 1938; x_wconf 76' lang='lat' dir='ltr'><strong>vatis</strong></span> <span class='ocrx_word' id='word_1_127' title='bbox 162 1871 377 1938; x_wconf 89' lang='lat' dir='ltr'><strong>incommodis</strong></span> <span class='ocrx_word' id='word_1_128' title='bbox 400 1871 668 1955; x_wconf 84' lang='lat' dir='ltr'><strong>impediebantur,</strong></span> <span class='ocrx_word' id='word_1_129' title='bbox 693 1892 756 1955; x_wconf 91' lang='lat' dir='ltr'><strong>quo</strong></span> <span class='ocrx_word' id='word_1_130' title='bbox 778 1871 885 1934; x_wconf 91' lang='lat' dir='ltr'><strong>minus</strong></span> <span class='ocrx_word' id='word_1_131' title='bbox 904 1871 1036 1936; x_wconf 91' lang='lat' dir='ltr'><strong>nomina</strong></span> <span class='ocrx_word' id='word_1_132' title='bbox 1055 1870 1176 1954; x_wconf 88' lang='lat' dir='ltr'><strong>darent,</strong></span> <span class='ocrx_word' id='word_1_133' title='bbox 1199 1871 1285 1936; x_wconf 88' lang='lat' dir='ltr'><strong>haud</strong></span> 
     </span>
     <span class='ocr_line' id='line_1_17' title="bbox 62 1976 1284 2064; baseline -0.002 -20"><span class='ocrx_word' id='word_1_134' title='bbox 62 2002 160 2064; x_wconf 81' lang='lat' dir='ltr'><strong>aequo</strong></span> <span class='ocrx_word' id='word_1_135' title='bbox 184 1979 335 2044; x_wconf 88' lang='lat' dir='ltr'><strong>ferebant</strong></span> <span class='ocrx_word' id='word_1_136' title='bbox 357 1979 476 2063; x_wconf 87' lang='lat' dir='ltr'><strong>animo,</strong></span> <span class='ocrx_word' id='word_1_137' title='bbox 499 1977 583 2063; x_wconf 92' lang='lat' dir='ltr'><strong>quod</strong></span> <span class='ocrx_word' id='word_1_138' title='bbox 607 1999 676 2041; x_wconf 89' lang='lat' dir='ltr'><strong>sese</strong></span> <span class='ocrx_word' id='word_1_139' title='bbox 698 1998 824 2040; x_wconf 90' lang='lat' dir='ltr'><strong>summo</strong></span> <span class='ocrx_word' id='word_1_140' title='bbox 848 1976 978 2061; x_wconf 89' lang='lat' dir='ltr'><strong>honore,</strong></span> <span class='ocrx_word' id='word_1_141' title='bbox 1002 1998 1097 2061; x_wconf 90' lang='lat' dir='ltr'><strong>quem</strong></span> <span class='ocrx_word' id='word_1_142' title='bbox 1120 1977 1152 2042; x_wconf 91' lang='lat' dir='ltr'><strong>in</strong></span> <span class='ocrx_word' id='word_1_143' title='bbox 1176 1979 1284 2061; x_wconf 89' lang='lat' dir='ltr'><strong>patria</strong></span> 
     </span>
     <span class='ocr_line' id='line_1_18' title="bbox 61 2082 1284 2169; baseline -0.003 -18"><span class='ocrx_word' id='word_1_144' title='bbox 61 2086 258 2152; x_wconf 85' lang='lat' dir='ltr'><strong>defendenda</strong></span> <span class='ocrx_word' id='word_1_145' title='bbox 295 2086 469 2151; x_wconf 87' lang='lat' dir='ltr'><strong>censebant</strong></span> <span class='ocrx_word' id='word_1_146' title='bbox 506 2085 662 2169; x_wconf 90' lang='lat' dir='ltr'><strong>positum,</strong></span> <span class='ocrx_word' id='word_1_147' title='bbox 699 2086 845 2169; x_wconf 84' lang='lat' dir='ltr'><strong>privatos</strong></span> <span class='ocrx_word' id='word_1_148' title='bbox 879 2082 1039 2149; x_wconf 82' lang='lat' dir='ltr'><strong>videbant.</strong></span> <span class='ocrx_word' id='word_1_149' title='bbox 1091 2082 1204 2168; x_wconf 88' lang='lat' dir='ltr'><strong>Neque</strong></span> <span class='ocrx_word' id='word_1_150' title='bbox 1237 2088 1284 2148; x_wconf 89' lang='lat' dir='ltr'><strong>ta·</strong></span> 
     </span>
     <span class='ocr_line' id='line_1_19' title="bbox 61 2190 1285 2281; baseline -0.002 -23"><span class='ocrx_word' id='word_1_151' title='bbox 61 2216 130 2260; x_wconf 90' lang='lat' dir='ltr'><strong>men</strong></span> <span class='ocrx_word' id='word_1_152' title='bbox 159 2195 215 2281; x_wconf 90' lang='lat' dir='ltr'><strong>qui</strong></span> <span class='ocrx_word' id='word_1_153' title='bbox 248 2213 444 2275; x_wconf 88' lang='lat' dir='ltr'><strong>remansere,</strong></span> <span class='ocrx_word' id='word_1_154' title='bbox 478 2212 593 2277; x_wconf 83' lang='lat' dir='ltr'><strong>segnes</strong></span> <span class='ocrx_word' id='word_1_155' title='bbox 624 2192 763 2257; x_wconf 70' lang='lat' dir='ltr'><strong>filerunt,</strong></span> <span class='ocrx_word' id='word_1_156' title='bbox 816 2192 917 2256; x_wconf 87' lang='lat' dir='ltr'><strong>Arma</strong></span> <span class='ocrx_word' id='word_1_157' title='bbox 949 2194 1078 2274; x_wconf 88' lang='lat' dir='ltr'><strong>ceperat</strong></span> <span class='ocrx_word' id='word_1_158' title='bbox 1105 2190 1212 2254; x_wconf 89' lang='lat' dir='ltr'><strong>etiam·</strong></span> <span class='ocrx_word' id='word_1_159' title='bbox 1232 2191 1285 2255; x_wconf 93' lang='lat' dir='ltr'><strong>do·</strong></span> 
     </span>
     <span class='ocr_line' id='line_1_20' title="bbox 61 2299 1285 2384; baseline -0.003 -18"><span class='ocrx_word' id='word_1_160' title='bbox 61 2302 189 2366; x_wconf 83' lang='lat' dir='ltr'><strong>mastica</strong></span> <span class='ocrx_word' id='word_1_161' title='bbox 223 2299 412 2377; x_wconf 86' lang='lat' dir='ltr'><strong>multitude,</strong></span> <span class='ocrx_word' id='word_1_162' title='bbox 449 2299 539 2365; x_wconf 92' lang='lat' dir='ltr'><strong>nullo</strong></span> <span class='ocrx_word' id='word_1_163' title='bbox 574 2300 756 2364; x_wconf 88' lang='lat' dir='ltr'><strong>discrimine</strong></span> <span class='ocrx_word' id='word_1_164' title='bbox 791 2321 895 2384; x_wconf 91' lang='lat' dir='ltr'><strong>neque</strong></span> <span class='ocrx_word' id='word_1_165' title='bbox 928 2302 1070 2364; x_wconf 89' lang='lat' dir='ltr'><strong>aetatum</strong></span> <span class='ocrx_word' id='word_1_166' title='bbox 1101 2320 1204 2382; x_wconf 91' lang='lat' dir='ltr'><strong>neque</strong></span> <span class='ocrx_word' id='word_1_167' title='bbox 1237 2322 1285 2364; x_wconf 91' lang='lat' dir='ltr'><strong>or-</strong></span> 
     </span>
     <span class='ocr_line' id='line_1_21' title="bbox 61 2404 1283 2490; baseline -0.002 -18"><span class='ocrx_word' id='word_1_168' title='bbox 61 2408 181 2472; x_wconf 90' lang='lat' dir='ltr'><strong>dinum:</strong></span> <span class='ocrx_word' id='word_1_169' title='bbox 220 2406 318 2470; x_wconf 91' lang='lat' dir='ltr'><strong>iidem</strong></span> <span class='ocrx_word' id='word_1_170' title='bbox 357 2407 549 2471; x_wconf 89' lang='lat' dir='ltr'><strong>commeatui</strong></span> <span class='ocrx_word' id='word_1_171' title='bbox 584 2406 782 2490; x_wconf 88' lang='lat' dir='ltr'><strong>praebendo,</strong></span> <span class='ocrx_word' id='word_1_172' title='bbox 819 2406 937 2471; x_wconf 86' lang='lat' dir='ltr'><strong>sauciis</strong></span> <span class='ocrx_word' id='word_1_173' title='bbox 974 2404 1119 2469; x_wconf 84' lang='lat' dir='ltr'><strong>fovendis</strong></span> <span class='ocrx_word' id='word_1_174' title='bbox 1153 2427 1283 2489; x_wconf 90' lang='lat' dir='ltr'><strong>operam</strong></span> 
     </span>
     <span class='ocr_line' id='line_1_22' title="bbox 61 2511 1284 2597; baseline -0.003 -18"><span class='ocrx_word' id='word_1_175' title='bbox 61 2514 221 2579; x_wconf 79' lang='lat' dir='ltr'><strong>navabant</strong></span> <span class='ocrx_word' id='word_1_176' title='bbox 245 2513 371 2579; x_wconf 88' lang='lat' dir='ltr'><strong>sedulo:</strong></span> <span class='ocrx_word' id='word_1_177' title='bbox 401 2512 539 2576; x_wconf 86' lang='lat' dir='ltr'><strong>feminae</strong></span> <span class='ocrx_word' id='word_1_178' title='bbox 567 2512 692 2577; x_wconf 90' lang='lat' dir='ltr'><strong>nobiles</strong></span> <span class='ocrx_word' id='word_1_179' title='bbox 720 2512 796 2576; x_wconf 90' lang='lat' dir='ltr'><strong>dum</strong></span> <span class='ocrx_word' id='word_1_180' title='bbox 825 2516 974 2597; x_wconf 88' lang='lat' dir='ltr'><strong>aegrotos</strong></span> <span class='ocrx_word' id='word_1_181' title='bbox 1003 2514 1129 2594; x_wconf 89' lang='lat' dir='ltr'><strong>curant,</strong></span> <span class='ocrx_word' id='word_1_182' title='bbox 1157 2511 1284 2575; x_wconf 83' lang='lat' dir='ltr'><strong>invene·</strong></span> 
     </span>
     <span class='ocr_line' id='line_1_23' title="bbox 61 2617 1282 2705; baseline -0.004 -18"><span class='ocrx_word' id='word_1_183' title='bbox 61 2626 133 2687; x_wconf 89' lang='lat' dir='ltr'><strong>mnt</strong></span> <span class='ocrx_word' id='word_1_184' title='bbox 155 2626 309 2704; x_wconf 86' lang='lat' dir='ltr'><strong>mortem,</strong></span> <span class='ocrx_word' id='word_1_185' title='bbox 337 2642 433 2705; x_wconf 92' lang='lat' dir='ltr'><strong>quam</strong></span> <span class='ocrx_word' id='word_1_186' title='bbox 457 2640 566 2684; x_wconf 87' lang='lat' dir='ltr'><strong>coram</strong></span> <span class='ocrx_word' id='word_1_187' title='bbox 589 2619 682 2683; x_wconf 89' lang='lat' dir='ltr'><strong>hoste</strong></span> <span class='ocrx_word' id='word_1_188' title='bbox 706 2621 858 2703; x_wconf 88' lang='lat' dir='ltr'><strong>oppetere</strong></span> <span class='ocrx_word' id='word_1_189' title='bbox 883 2640 940 2702; x_wconf 90' lang='lat' dir='ltr'><strong>per</strong></span> <span class='ocrx_word' id='word_1_190' title='bbox 964 2639 1057 2682; x_wconf 89' lang='lat' dir='ltr'><strong>sexus</strong></span> <span class='ocrx_word' id='word_1_191' title='bbox 1082 2617 1282 2683; x_wconf 87' lang='lat' dir='ltr'><strong>debilitatem</strong></span> 
     </span>
     <span class='ocr_line' id='line_1_24' title="bbox 61 2726 1282 2812; baseline -0.003 -19"><span class='ocrx_word' id='word_1_192' title='bbox 61 2750 121 2794; x_wconf 92' lang='lat' dir='ltr'><strong>non</strong></span> <span class='ocrx_word' id='word_1_193' title='bbox 143 2728 208 2792; x_wconf 93' lang='lat' dir='ltr'><strong>nisi</strong></span> <span class='ocrx_word' id='word_1_194' title='bbox 233 2727 370 2812; x_wconf 90' lang='lat' dir='ltr'><strong>singulis</strong></span> <span class='ocrx_word' id='word_1_195' title='bbox 394 2726 525 2790; x_wconf 86' lang='lat' dir='ltr'><strong>licebat:</strong></span> <span class='ocrx_word' id='word_1_196' title='bbox 555 2747 650 2792; x_wconf 91' lang='lat' dir='ltr'><strong>nemo</strong></span> <span class='ocrx_word' id='word_1_197' title='bbox 674 2747 785 2810; x_wconf 91' lang='lat' dir='ltr'><strong>pacem</strong></span> <span class='ocrx_word' id='word_1_198' title='bbox 810 2726 995 2809; x_wconf 87' lang='lat' dir='ltr'><strong>exoptabat,</strong></span> <span class='ocrx_word' id='word_1_199' title='bbox 1024 2728 1061 2788; x_wconf 93' lang='lat' dir='ltr'><strong>ut</strong></span> <span class='ocrx_word' id='word_1_200' title='bbox 1090 2727 1140 2788; x_wconf 89' lang='lat' dir='ltr'><strong>tot</strong></span> <span class='ocrx_word' id='word_1_201' title='bbox 1167 2726 1282 2789; x_wconf 90' lang='lat' dir='ltr'><strong>tantis-</strong></span> 
     </span>
     <span class='ocr_line' id='line_1_25' title="bbox 62 2830 1283 2921; baseline -0.005 -20"><span class='ocrx_word' id='word_1_202' title='bbox 62 2857 117 2921; x_wconf 89' lang='lat' dir='ltr'><strong>que</strong></span> <span class='ocrx_word' id='word_1_203' title='bbox 143 2835 337 2900; x_wconf 89' lang='lat' dir='ltr'><strong>liberaretur</strong></span> <span class='ocrx_word' id='word_1_204' title='bbox 364 2832 529 2915; x_wconf 89' lang='lat' dir='ltr'><strong>oneribus,</strong></span> <span class='ocrx_word' id='word_1_205' title='bbox 556 2833 621 2896; x_wconf 89' lang='lat' dir='ltr'><strong>nisi</strong></span> <span class='ocrx_word' id='word_1_206' title='bbox 648 2855 726 2916; x_wconf 89' lang='lat' dir='ltr'><strong>pace</strong></span> <span class='ocrx_word' id='word_1_207' title='bbox 754 2832 939 2898; x_wconf 87' lang='lat' dir='ltr'><strong>redderetur</strong></span> <span class='ocrx_word' id='word_1_208' title='bbox 966 2830 1113 2906; x_wconf 86' lang='lat' dir='ltr'><strong>libertas,</strong></span> <span class='ocrx_word' id='word_1_209' title='bbox 1143 2830 1283 2914; x_wconf 89' lang='lat' dir='ltr'><strong>imperii-</strong></span> 
     </span>
     <span class='ocr_line' id='line_1_26' title="bbox 61 2936 1280 3028; baseline -0.002 -22"><span class='ocrx_word' id='word_1_210' title='bbox 61 2965 117 3026; x_wconf 88' lang='lat' dir='ltr'><strong>que</strong></span> <span class='ocrx_word' id='word_1_211' title='bbox 139 2941 298 3028; x_wconf 85' lang='lat' dir='ltr'><strong>diguitas,</strong></span> <span class='ocrx_word' id='word_1_212' title='bbox 324 2940 502 3024; x_wconf 87' lang='lat' dir='ltr'><strong>firmitudo,</strong></span> <span class='ocrx_word' id='word_1_213' title='bbox 529 2940 693 3004; x_wconf 86' lang='lat' dir='ltr'><strong>securitas.</strong></span> <span class='ocrx_word' id='word_1_214' title='bbox 739 2940 785 3005; x_wconf 83' lang='lat' dir='ltr'><strong>Et</strong></span> <span class='ocrx_word' id='word_1_215' title='bbox 812 2939 887 3025; x_wconf 92' lang='lat' dir='ltr'><strong>quid</strong></span> <span class='ocrx_word' id='word_1_216' title='bbox 911 2939 950 3003; x_wconf 89' lang='lat' dir='ltr'><strong>de</strong></span> <span class='ocrx_word' id='word_1_217' title='bbox 978 2936 1169 3001; x_wconf 81' lang='lat' dir='ltr'><strong>exercitibus</strong></span> <span class='ocrx_word' id='word_1_218' title='bbox 1194 2937 1280 3003; x_wconf 88' lang='lat' dir='ltr'><strong>duci-</strong></span> 
     </span>
     <span class='ocr_line' id='line_1_27' title="bbox 61 3046 1283 3134; baseline -0.003 -20"><span class='ocrx_word' id='word_1_219' title='bbox 61 3048 178 3134; x_wconf 90' lang='lat' dir='ltr'><strong>busque</strong></span> <span class='ocrx_word' id='word_1_220' title='bbox 207 3046 335 3113; x_wconf 84' lang='lat' dir='ltr'><strong>dicam?</strong></span> <span class='ocrx_word' id='word_1_221' title='bbox 380 3069 517 3133; x_wconf 91' lang='lat' dir='ltr'><strong>quorum</strong></span> <span class='ocrx_word' id='word_1_222' title='bbox 545 3048 661 3112; x_wconf 89' lang='lat' dir='ltr'><strong>merita</strong></span> <span class='ocrx_word' id='word_1_223' title='bbox 693 3047 803 3112; x_wconf 88' lang='lat' dir='ltr'><strong>laudes</strong></span> <span class='ocrx_word' id='word_1_224' title='bbox 831 3046 939 3110; x_wconf 90' lang='lat' dir='ltr'><strong>nullae</strong></span> <span class='ocrx_word' id='word_1_225' title='bbox 968 3066 1158 3129; x_wconf 82' lang='lat' dir='ltr'><strong>exaequare,</strong></span> <span class='ocrx_word' id='word_1_226' title='bbox 1193 3047 1283 3110; x_wconf 88' lang='lat' dir='ltr'><strong>nulla</strong></span> 
     </span>
     <span class='ocr_line' id='line_1_28' title="bbox 62 3154 1281 3240; baseline -0.002 -19"><span class='ocrx_word' id='word_1_227' title='bbox 62 3157 200 3240; x_wconf 85' lang='lat' dir='ltr'><strong>praemia</strong></span> <span class='ocrx_word' id='word_1_228' title='bbox 227 3154 320 3238; x_wconf 84' lang='lat' dir='ltr'><strong>satis¹</strong></span> <span class='ocrx_word' id='word_1_229' title='bbox 336 3155 530 3219; x_wconf 90' lang='lat' dir='ltr'><strong>remunerari</strong></span> <span class='ocrx_word' id='word_1_230' title='bbox 561 3159 691 3239; x_wconf 90' lang='lat' dir='ltr'><strong>queunt.</strong></span> <span class='ocrx_word' id='word_1_231' title='bbox 742 3155 845 3232; x_wconf 79' lang='lat' dir='ltr'><strong>Quam</strong></span> <span class='ocrx_word' id='word_1_232' title='bbox 876 3154 1006 3237; x_wconf 86' lang='lat' dir='ltr'><strong>eximia,</strong></span> <span class='ocrx_word' id='word_1_233' title='bbox 1037 3175 1134 3237; x_wconf 89' lang='lat' dir='ltr'><strong>quam</strong></span> <span class='ocrx_word' id='word_1_234' title='bbox 1162 3176 1281 3240; x_wconf 89' lang='lat' dir='ltr'><strong>magna</strong></span> 
     </span>
     <span class='ocr_line' id='line_1_29' title="bbox 62 3258 1281 3346; baseline -0.002 -19"><span class='ocrx_word' id='word_1_235' title='bbox 62 3266 149 3327; x_wconf 89' lang='lat' dir='ltr'><strong>erant</strong></span> <span class='ocrx_word' id='word_1_236' title='bbox 170 3262 289 3327; x_wconf 91' lang='lat' dir='ltr'><strong>ducum</strong></span> <span class='ocrx_word' id='word_1_237' title='bbox 312 3261 462 3326; x_wconf 89' lang='lat' dir='ltr'><strong>consilia:</strong></span> <span class='ocrx_word' id='word_1_238' title='bbox 489 3283 569 3346; x_wconf 90' lang='lat' dir='ltr'><strong>quae</strong></span> <span class='ocrx_word' id='word_1_239' title='bbox 592 3261 731 3326; x_wconf 88' lang='lat' dir='ltr'><strong>militum</strong></span> <span class='ocrx_word' id='word_1_240' title='bbox 756 3261 940 3326; x_wconf 88' lang='lat' dir='ltr'><strong>constantia</strong></span> <span class='ocrx_word' id='word_1_241' title='bbox 963 3259 998 3323; x_wconf 92' lang='lat' dir='ltr'><strong>in</strong></span> <span class='ocrx_word' id='word_1_242' title='bbox 1021 3258 1188 3325; x_wconf 89' lang='lat' dir='ltr'><strong>laboribus</strong></span> <span class='ocrx_word' id='word_1_243' title='bbox 1211 3283 1281 3345; x_wconf 91' lang='lat' dir='ltr'><strong>per-</strong></span> 
     </span>
     <span class='ocr_line' id='line_1_30' title="bbox 62 3366 1281 3453; baseline -0.001 -20"><span class='ocrx_word' id='word_1_244' title='bbox 62 3369 210 3433; x_wconf 83' lang='lat' dir='ltr'><strong>ferendis:</strong></span> <span class='ocrx_word' id='word_1_245' title='bbox 237 3390 320 3453; x_wconf 91' lang='lat' dir='ltr'><strong>quae</strong></span> <span class='ocrx_word' id='word_1_246' title='bbox 343 3368 499 3433; x_wconf 91' lang='lat' dir='ltr'><strong>fortitudo</strong></span> <span class='ocrx_word' id='word_1_247' title='bbox 524 3368 761 3433; x_wconf 88' lang='lat' dir='ltr'><strong>dimicantium:</strong></span> <span class='ocrx_word' id='word_1_248' title='bbox 786 3388 866 3451; x_wconf 89' lang='lat' dir='ltr'><strong>quae</strong></span> <span class='ocrx_word' id='word_1_249' title='bbox 889 3366 1006 3431; x_wconf 88' lang='lat' dir='ltr'><strong>fiducia</strong></span> <span class='ocrx_word' id='word_1_250' title='bbox 1031 3370 1105 3431; x_wconf 90' lang='lat' dir='ltr'><strong>ante</strong></span> <span class='ocrx_word' id='word_1_251' title='bbox 1128 3389 1281 3453; x_wconf 88' lang='lat' dir='ltr'><strong>pugnam,</strong></span> 
     </span>
     <span class='ocr_line' id='line_1_31' title="bbox 61 3473 1281 3560; baseline 0.001 -20"><span class='ocrx_word' id='word_1_252' title='bbox 61 3498 137 3560; x_wconf 91' lang='lat' dir='ltr'><strong>quae</strong></span> <span class='ocrx_word' id='word_1_253' title='bbox 175 3474 336 3540; x_wconf 89' lang='lat' dir='ltr'><strong>modestia</strong></span> <span class='ocrx_word' id='word_1_254' title='bbox 376 3475 565 3540; x_wconf 86' lang='lat' dir='ltr'><strong>victoribus:</strong></span> <span class='ocrx_word' id='word_1_255' title='bbox 605 3496 685 3560; x_wconf 88' lang='lat' dir='ltr'><strong>quae</strong></span> <span class='ocrx_word' id='word_1_256' title='bbox 721 3496 809 3539; x_wconf 89' lang='lat' dir='ltr'><strong>mors</strong></span> <span class='ocrx_word' id='word_1_257' title='bbox 844 3496 902 3557; x_wconf 91' lang='lat' dir='ltr'><strong>per</strong></span> <span class='ocrx_word' id='word_1_258' title='bbox 933 3473 1076 3558; x_wconf 84' lang='lat' dir='ltr'><strong>proelia?</strong></span> <span class='ocrx_word' id='word_1_259' title='bbox 1129 3474 1281 3541; x_wconf 88' lang='lat' dir='ltr'><strong>Animam</strong></span> 
     </span>
     <span class='ocr_line' id='line_1_32' title="bbox 60 3580 1282 3666; baseline 0.001 -20"><span class='ocrx_word' id='word_1_260' title='bbox 60 3582 251 3648; x_wconf 85' lang='lat' dir='ltr'><strong>exhalabant</strong></span> <span class='ocrx_word' id='word_1_261' title='bbox 273 3582 363 3666; x_wconf 90' lang='lat' dir='ltr'><strong>laeti,</strong></span> <span class='ocrx_word' id='word_1_262' title='bbox 391 3604 463 3647; x_wconf 92' lang='lat' dir='ltr'><strong>cum</strong></span> <span class='ocrx_word' id='word_1_263' title='bbox 491 3582 634 3647; x_wconf 88' lang='lat' dir='ltr'><strong>numinis</strong></span> <span class='ocrx_word' id='word_1_264' title='bbox 662 3581 761 3646; x_wconf 84' lang='lat' dir='ltr'><strong>divini</strong></span> <span class='ocrx_word' id='word_1_265' title='bbox 789 3582 1026 3665; x_wconf 89' lang='lat' dir='ltr'><strong>praedicatione</strong></span> <span class='ocrx_word' id='word_1_266' title='bbox 1051 3580 1172 3666; x_wconf 88' lang='lat' dir='ltr'><strong>Regem</strong></span> <span class='ocrx_word' id='word_1_267' title='bbox 1201 3583 1282 3665; x_wconf 91' lang='lat' dir='ltr'><strong>opti·</strong></span> 
     </span>
     <span class='ocr_line' id='line_1_33' title="bbox 59 3687 1280 3781; baseline 0 -27"><span class='ocrx_word' id='word_1_268' title='bbox 59 3712 141 3755; x_wconf 93' lang='lat' dir='ltr'><strong>mum</strong></span> <span class='ocrx_word' id='word_1_269' title='bbox 165 3692 368 3755; x_wconf 80' lang='lat' dir='ltr'><strong>venerantes.</strong></span> <span class='ocrx_word' id='word_1_270' title='bbox 412 3688 525 3753; x_wconf 84' lang='lat' dir='ltr'><strong>Tantis</strong></span> <span class='ocrx_word' id='word_1_271' title='bbox 548 3709 623 3753; x_wconf 83' lang='lat' dir='ltr'><strong>vero</strong></span> <span class='ocrx_word' id='word_1_272' title='bbox 654 3689 913 3753; x_wconf 88' lang='lat' dir='ltr'><strong>contentionibus</strong></span> <span class='ocrx_word' id='word_1_273' title='bbox 942 3691 975 3751; x_wconf 89' lang='lat' dir='ltr'><strong>et</strong></span> <span class='ocrx_word' id='word_1_274' title='bbox 996 3687 1116 3751; x_wconf 88' lang='lat' dir='ltr'><strong>nostris</strong></span> <span class='ocrx_word' id='word_1_275' title='bbox 1140 3691 1173 3781; x_wconf 78' lang='lat' dir='ltr'><strong>et</strong></span> <span class='ocrx_word' id='word_1_276' title='bbox 1200 3690 1280 3754; x_wconf 89' lang='lat' dir='ltr'><strong>soci·</strong></span> 
     </span>
     <span class='ocr_line' id='line_1_34' title="bbox 58 3794 1280 3881; baseline 0.002 -21"><span class='ocrx_word' id='word_1_277' title='bbox 58 3821 143 3861; x_wconf 91' lang='lat' dir='ltr'><strong>orum</strong></span> <span class='ocrx_word' id='word_1_278' title='bbox 169 3796 338 3881; x_wconf 89' lang='lat' dir='ltr'><strong>respoudit</strong></span> <span class='ocrx_word' id='word_1_279' title='bbox 361 3817 535 3860; x_wconf 87' lang='lat' dir='ltr'><strong>successus.</strong></span> <span class='ocrx_word' id='word_1_280' title='bbox 581 3795 669 3872; x_wconf 82' lang='lat' dir='ltr'><strong>Quot</strong></span> <span class='ocrx_word' id='word_1_281' title='bbox 694 3799 895 3880; x_wconf 89' lang='lat' dir='ltr'><strong>quantaeque</strong></span> <span class='ocrx_word' id='word_1_282' title='bbox 922 3794 1087 3858; x_wconf 90' lang='lat' dir='ltr'><strong>hostilium</strong></span> <span class='ocrx_word' id='word_1_283' title='bbox 1117 3796 1280 3880; x_wconf 88' lang='lat' dir='ltr'><strong>copiarum</strong></span> 
     </span>
     <span class='ocr_line' id='line_1_35' title="bbox 57 3902 1280 3988; baseline -0.002 -19"><span class='ocrx_word' id='word_1_284' title='bbox 57 3905 174 3988; x_wconf 79' lang='lat' dir='ltr'><strong>clades,</strong></span> <span class='ocrx_word' id='word_1_285' title='bbox 203 3906 283 3986; x_wconf 92' lang='lat' dir='ltr'><strong>quot</strong></span> <span class='ocrx_word' id='word_1_286' title='bbox 307 3904 396 3967; x_wconf 91' lang='lat' dir='ltr'><strong>milia</strong></span> <span class='ocrx_word' id='word_1_287' title='bbox 419 3904 633 3987; x_wconf 86' lang='lat' dir='ltr'><strong>captivorum,</strong></span> <span class='ocrx_word' id='word_1_288' title='bbox 656 3904 736 3985; x_wconf 91' lang='lat' dir='ltr'><strong>quot</strong></span> <span class='ocrx_word' id='word_1_289' title='bbox 759 3902 842 3965; x_wconf 88' lang='lat' dir='ltr'><strong>inter</strong></span> <span class='ocrx_word' id='word_1_290' title='bbox 864 3902 924 3966; x_wconf 88' lang='lat' dir='ltr'><strong>hos</strong></span> <span class='ocrx_word' id='word_1_291' title='bbox 950 3902 1059 3986; x_wconf 86' lang='lat' dir='ltr'><strong>duces,</strong></span> <span class='ocrx_word' id='word_1_292' title='bbox 1084 3905 1163 3986; x_wconf 90' lang='lat' dir='ltr'><strong>quot</strong></span> <span class='ocrx_word' id='word_1_293' title='bbox 1186 3907 1280 3986; x_wconf 89' lang='lat' dir='ltr'><strong>capta</strong></span> 
     </span>
     <span class='ocr_line' id='line_1_36' title="bbox 56 4008 1280 4095; baseline 0 -20"><span class='ocrx_word' id='word_1_294' title='bbox 56 4017 231 4095; x_wconf 88' lang='lat' dir='ltr'><strong>tormenta,</strong></span> <span class='ocrx_word' id='word_1_295' title='bbox 258 4014 337 4095; x_wconf 93' lang='lat' dir='ltr'><strong>quot</strong></span> <span class='ocrx_word' id='word_1_296' title='bbox 360 4032 461 4076; x_wconf 88' lang='lat' dir='ltr'><strong>arces:</strong></span> <span class='ocrx_word' id='word_1_297' title='bbox 489 4009 543 4093; x_wconf 91' lang='lat' dir='ltr'><strong>qui</strong></span> <span class='ocrx_word' id='word_1_298' title='bbox 568 4008 646 4073; x_wconf 91' lang='lat' dir='ltr'><strong>socii</strong></span> <span class='ocrx_word' id='word_1_299' title='bbox 670 4008 814 4089; x_wconf 88' lang='lat' dir='ltr'><strong>alienati,</strong></span> <span class='ocrx_word' id='word_1_300' title='bbox 842 4011 984 4092; x_wconf 87' lang='lat' dir='ltr'><strong>quantae</strong></span> <span class='ocrx_word' id='word_1_301' title='bbox 1007 4013 1111 4072; x_wconf 88' lang='lat' dir='ltr'><strong>terrae</strong></span> <span class='ocrx_word' id='word_1_302' title='bbox 1134 4009 1168 4072; x_wconf 91' lang='lat' dir='ltr'><strong>in</strong></span> <span class='ocrx_word' id='word_1_303' title='bbox 1191 4014 1280 4093; x_wconf 90' lang='lat' dir='ltr'><strong>pote-</strong></span> 
     </span>
     <span class='ocr_line' id='line_1_37' title="bbox 55 4114 1280 4202; baseline -0.002 -19"><span class='ocrx_word' id='word_1_304' title='bbox 55 4123 169 4184; x_wconf 89' lang='lat' dir='ltr'><strong>statem</strong></span> <span class='ocrx_word' id='word_1_305' title='bbox 194 4116 357 4182; x_wconf 86' lang='lat' dir='ltr'><strong>redactae:</strong></span> <span class='ocrx_word' id='word_1_306' title='bbox 388 4120 573 4202; x_wconf 84' lang='lat' dir='ltr'><strong>expugnata</strong></span> <span class='ocrx_word' id='word_1_307' title='bbox 596 4115 793 4180; x_wconf 88' lang='lat' dir='ltr'><strong>Parisiorum</strong></span> <span class='ocrx_word' id='word_1_308' title='bbox 816 4116 907 4198; x_wconf 90' lang='lat' dir='ltr'><strong>urbs,</strong></span> <span class='ocrx_word' id='word_1_309' title='bbox 933 4137 1014 4199; x_wconf 90' lang='lat' dir='ltr'><strong>quae</strong></span> <span class='ocrx_word' id='word_1_310' title='bbox 1038 4135 1107 4179; x_wconf 86' lang='lat' dir='ltr'><strong>sesa</strong></span> <span class='ocrx_word' id='word_1_311' title='bbox 1131 4114 1280 4199; x_wconf 79' lang='lat' dir='ltr'><strong>Europae</strong></span> 
     </span>
     <span class='ocr_line' id='line_1_38' title="bbox 55 4221 1278 4309; baseline -0.003 -19"><span class='ocrx_word' id='word_1_312' title='bbox 55 4231 85 4290; x_wconf 92' lang='lat' dir='ltr'><strong>et</strong></span> <span class='ocrx_word' id='word_1_313' title='bbox 107 4226 198 4292; x_wconf 90' lang='lat' dir='ltr'><strong>orbis</strong></span> <span class='ocrx_word' id='word_1_314' title='bbox 222 4224 363 4288; x_wconf 86' lang='lat' dir='ltr'><strong>universi</strong></span> <span class='ocrx_word' id='word_1_315' title='bbox 387 4224 564 4307; x_wconf 87' lang='lat' dir='ltr'><strong>principem</strong></span> <span class='ocrx_word' id='word_1_316' title='bbox 584 4224 811 4309; x_wconf 89' lang='lat' dir='ltr'><strong>dominamque</strong></span> <span class='ocrx_word' id='word_1_317' title='bbox 830 4228 950 4287; x_wconf 87' lang='lat' dir='ltr'><strong>temere</strong></span> <span class='ocrx_word' id='word_1_318' title='bbox 969 4221 1114 4285; x_wconf 89' lang='lat' dir='ltr'><strong>iactabat</strong></span> <span class='ocrx_word' id='word_1_319' title='bbox 1133 4223 1278 4306; x_wconf 89' lang='lat' dir='ltr'><strong>superba,</strong></span> 
     </span>
     <span class='ocr_line' id='line_1_39' title="bbox 55 4328 1279 4418; baseline -0.005 -19"><span class='ocrx_word' id='word_1_320' title='bbox 55 4334 205 4418; x_wconf 88' lang='lat' dir='ltr'><strong>posthac,</strong></span> <span class='ocrx_word' id='word_1_321' title='bbox 229 4331 332 4416; x_wconf 90' lang='lat' dir='ltr'><strong>siquid</strong></span> <span class='ocrx_word' id='word_1_322' title='bbox 356 4331 459 4413; x_wconf 85' lang='lat' dir='ltr'><strong>rideo,</strong></span> <span class='ocrx_word' id='word_1_323' title='bbox 482 4352 548 4394; x_wconf 89' lang='lat' dir='ltr'><strong>non</strong></span> <span class='ocrx_word' id='word_1_324' title='bbox 571 4331 636 4394; x_wconf 89' lang='lat' dir='ltr'><strong>iam</strong></span> <span class='ocrx_word' id='word_1_325' title='bbox 660 4331 805 4396; x_wconf 89' lang='lat' dir='ltr'><strong>iactabit:</strong></span> <span class='ocrx_word' id='word_1_326' title='bbox 832 4331 972 4394; x_wconf 90' lang='lat' dir='ltr'><strong>deiectus</strong></span> <span class='ocrx_word' id='word_1_327' title='bbox 996 4328 1144 4411; x_wconf 85' lang='lat' dir='ltr'><strong>Europae</strong></span> <span class='ocrx_word' id='word_1_328' title='bbox 1167 4332 1279 4413; x_wconf 89' lang='lat' dir='ltr'><strong>tyran-</strong></span> 
     </span>
     <span class='ocr_line' id='line_1_40' title="bbox 54 4434 1280 4521; baseline -0.007 -15"><span class='ocrx_word' id='word_1_329' title='bbox 54 4463 113 4506; x_wconf 91' lang='lat' dir='ltr'><strong>nus</strong></span> <span class='ocrx_word' id='word_1_330' title='bbox 136 4440 225 4505; x_wconf 89' lang='lat' dir='ltr'><strong>etin</strong></span> <span class='ocrx_word' id='word_1_331' title='bbox 245 4437 391 4501; x_wconf 86' lang='lat' dir='ltr'><strong>exsilium</strong></span> <span class='ocrx_word' id='word_1_332' title='bbox 412 4437 539 4503; x_wconf 88' lang='lat' dir='ltr'><strong>missus.</strong></span> <span class='ocrx_word' id='word_1_333' title='bbox 577 4435 754 4503; x_wconf 85' lang='lat' dir='ltr'><strong>Subsecuta</strong></span> <span class='ocrx_word' id='word_1_334' title='bbox 772 4460 836 4521; x_wconf 89' lang='lat' dir='ltr'><strong>pax</strong></span> <span class='ocrx_word' id='word_1_335' title='bbox 855 4436 1005 4501; x_wconf 88' lang='lat' dir='ltr'><strong>salutaris</strong></span> <span class='ocrx_word' id='word_1_336' title='bbox 1026 4434 1151 4500; x_wconf 83' lang='lat' dir='ltr'><strong>Galliae</strong></span> <span class='ocrx_word' id='word_1_337' title='bbox 1170 4456 1280 4519; x_wconf 89' lang='lat' dir='ltr'><strong>regem</strong></span> 
     </span>
     <span class='ocr_line' id='line_1_41' title="bbox 54 4542 1278 4631; baseline -0.007 -19"><span class='ocrx_word' id='word_1_338' title='bbox 54 4547 152 4631; x_wconf 83' lang='lat' dir='ltr'><strong>dedit3</strong></span> <span class='ocrx_word' id='word_1_339' title='bbox 191 4544 386 4611; x_wconf 83' lang='lat' dir='ltr'><strong>Germaniae</strong></span> <span class='ocrx_word' id='word_1_340' title='bbox 421 4544 574 4629; x_wconf 88' lang='lat' dir='ltr'><strong>quidquid</strong></span> <span class='ocrx_word' id='word_1_341' title='bbox 608 4545 699 4609; x_wconf 90' lang='lat' dir='ltr'><strong>annis</strong></span> <span class='ocrx_word' id='word_1_342' title='bbox 730 4544 782 4608; x_wconf 89' lang='lat' dir='ltr'><strong>his</strong></span> <span class='ocrx_word' id='word_1_343' title='bbox 815 4543 932 4630; x_wconf 87' lang='lat' dir='ltr'><strong>viginti</strong></span> <span class='ocrx_word' id='word_1_344' title='bbox 964 4542 1089 4606; x_wconf 88' lang='lat' dir='ltr'><strong>duobus</strong></span> <span class='ocrx_word' id='word_1_345' title='bbox 1124 4542 1278 4609; x_wconf 82' lang='lat' dir='ltr'><strong>amissum</strong></span> 
     </span>
    </p>
   </div>
   <div class='ocr_carea' id='block_1_3' title="bbox 0 0 1384 4868">
    <p class='ocr_par' dir='ltr' id='par_1_3' title="bbox 0 0 1384 4868">
     <span class='ocr_line' id='line_1_42' title="bbox 0 0 1384 4868; baseline 0 3"><span class='ocrx_word' id='word_1_346' title='bbox 0 0 1384 4868; x_wconf 95' lang='lat' dir='ltr'><strong> </strong></span> 
     </span>
    </p>
   </div>
  </div>
 </body>
</html>
