2760 4868
560 192 779 256 ..47-

51 351 128 415 illius
141 350 191 415 rei
207 372 385 436 occupare,
405 374 427 416 a
440 351 572 417 Domini
586 352 690 417 nostri
704 352 881 416 maioribus
896 350 1139 436 gloriosissimis
1153 351 1285 438 insigni·

52 466 96 522 ter
122 457 272 542 adiutae,
306 459 402 524 cuius
430 459 527 524 tertia
556 458 732 524 saecularia
759 458 821 524 hoc
849 480 934 523 anno
963 481 1022 523 suo
1050 445 1194 541 tempore
1223 459 1284 522 rite

54 564 169 629 obituri
197 587 331 629 sumus:
359 566 631 631 instaurationem
659 565 731 631 dico
760 568 792 629 et
826 565 1083 630 emendationem
1111 565 1285 649 doctrinae,

56 672 138 749 fidei,
164 672 339 757 religionis
364 670 582 756 Christianae,
610 694 675 757 qua
702 676 777 737 ante
804 672 864 737 hos
891 662 1054 737 trecentos
1082 693 1185 736 annos
1213 672 1285 737 orbi

57 780 204 845 universo
233 785 268 844 et
295 781 470 864 praecipue
493 779 683 844 Germaniae
710 801 796 844 nora
823 778 945 843 affulsit
971 780 1025 843 lux
1052 781 1157 863 tanta,
1184 801 1284 863 quan-

58 894 122 950 tam
139 890 219 970 post
237 884 408 952 Christum
426 890 538 951 natum
557 886 713 951 mortales
732 909 797 951 non
817 886 974 969 viderunt,
996 907 1156 970 quamque
1174 886 1285 971 obtegi

27 1046 36 1058 .
59 993 301 1078 interstingui
323 1015 493 1080 nunquam
514 1016 609 1078 posse
632 1016 758 1059 mecum
781 1015 897 1058 censeo
925 994 976 1058 vel
1004 1014 1116 1058 omnes
1140 994 1191 1058 vel
1213 994 1283 1077 plu-

59 1102 156 1166 rimos
184 1100 395 1166 iudicaturos.
444 1101 483 1165 In
510 1124 573 1186 quo
600 1104 791 1186 argumento
821 1122 898 1167 sane
926 1100 1107 1184 praeclaro,
1137 1101 1283 1184 quamvis

59 1207 251 1291 perspiciam
275 1207 359 1272 nihil
382 1231 403 1272 a
426 1230 476 1273 me
500 1213 557 1273 aut
581 1209 771 1294 exquisitius
798 1211 854 1273 aut
871 1205 1072 1294 reconditius
1095 1207 1157 1272 dici
1179 1229 1284 1293 posse,

59 1314 133 1398 quin
166 1318 218 1379 tot
249 1319 318 1379 tam
350 1314 555 1400 diligentium
587 1316 779 1399 scriptorum
813 1315 857 1379 sit
887 1313 1045 1379 industria
1077 1315 1283 1400 sollertiaque

57 1421 262 1504 exhaustum,
298 1425 409 1487 tamen
440 1445 478 1487 eo
510 1445 620 1488 versor
652 1422 819 1505 libentius,
851 1421 937 1506 quod
968 1417 1047 1486 illud
1080 1443 1146 1486 non
1178 1423 1284 1487 solum

57 1529 169 1593 studiis
197 1529 295 1611 meis,
322 1551 434 1593 rerum
461 1530 559 1594 etiam
583 1530 699 1594 litteris
726 1529 805 1613 ipsis
834 1532 867 1592 et
893 1528 1108 1595 institutionis
1136 1527 1283 1612 publicae

57 1634 175 1699 rationi
198 1635 500 1701 coniunctissimum
523 1657 594 1700 esse
617 1635 781 1720 intelligo,
803 1635 959 1718 vobisque
983 1635 1142 1719 omnibus,
1168 1635 1218 1699 vel
1242 1636 1282 1699 iis

57 1743 107 1825 qui
135 1739 271 1806 Lutheri
305 1742 495 1825 disciplinae
524 1742 644 1807 addicti
670 1764 737 1807 non
765 1745 853 1824 sunt,
882 1764 976 1825 spero
1004 1742 1090 1806 haud
1118 1741 1283 1826 ingratum

57 1848 211 1912 futurum.
257 1845 371 1932 Neque
400 1849 485 1913 enim
512 1849 596 1915 hanc
620 1848 828 1915 Camerinam
855 1848 1004 1929 movebo,
1033 1853 1069 1912 ut
1096 1848 1130 1912 in
1158 1852 1282 1913 contro-

58 1955 233 2019 versiarum
253 1976 403 2037 campum
422 1955 613 2021 descendam
637 1960 670 2020 et
693 1955 940 2039 disceptationes
960 1955 1094 2019 subtiles
1118 1959 1151 2020 et
1174 1955 1283 2038 spino-

58 2082 106 2126 sas
134 2062 274 2146 agitem3
304 2061 361 2124 sed
389 2060 553 2127 doctrinae
581 2062 755 2146 capitibus,
788 2083 869 2145 quae
897 2061 1123 2146 theologorum
1150 2063 1283 2147 propria

58 2172 86 2231 et
110 2168 293 2252 peculiaria
326 2172 416 2252 sunt,
448 2168 569 2234 relictis
602 2191 640 2233 ea
671 2169 876 2252 potissimum
909 2169 1049 2234 conabor
1076 2172 1282 2252 pertractare,

59 2297 136 2358 qnae
168 2275 340 2339 minimam
375 2275 410 2339 in
442 2297 476 2338 se
511 2275 664 2340 invidiam
698 2276 831 2340 habent:
868 2276 973 2341 bonae
1009 2280 1095 2340 artes
1128 2274 1204 2358 quid
1242 2276 1281 2339 ad

58 2381 234 2471 ecclesiam*
248 2382 451 2467 purgandam
474 2382 666 2467 profuerint,
694 2382 771 2466 quid
798 2383 933 2447 ecclesia
961 2382 1131 2447 emendata
1158 2382 1281 2446 artibus

58 2488 270 2571 praestiterit,
297 2492 406 2553 restra
428 2488 529 2553 fretus
553 2489 722 2571 facilitate,
750 2511 846 2573 quam
874 2491 1001 2574 saepius
1024 2492 1174 2573 expertus
1200 2512 1281 2572 sum,

58 2596 166 2676 paucis
189 2598 365 2678 exponam,
387 2595 427 2658 de
449 2595 564 2660 ceteris
587 2599 714 2660 tantum
743 2596 926 2682 additurus,
954 2601 1110 2681 quantum
1134 2596 1281 2661 sufficere

59 2701 94 2765 ad
115 2723 227 2767 rerum
252 2702 510 2768 aestimationem
533 2703 689 2769 rideatur.

142 2807 260 2893 ltaque
283 2813 321 2873 ut
342 2809 377 2873 in
399 2809 471 2892 ipso
495 2809 625 2874 exordio
649 2811 843 2876 sententiam
866 2833 973 2874 meam
996 2810 1137 2875 breviter
1158 2811 1281 2894 perspi-

58 2936 175 3000 cneque
199 2936 330 2999 ponam,
354 2916 531 3000 auditores,
554 2938 613 2980 nec
637 2917 707 2982 sine
730 2918 847 2982 litteris
870 2922 1042 3002 praecepta
1064 2917 1224 3002 evangelii
1248 2918 1281 2981 in

58 3021 138 3086 diem
161 3022 314 3106 proferri,
340 3044 399 3088 nec
428 3023 497 3087 sine
525 3023 750 3089 institutorum
778 3046 941 3090 sacrorum
969 3025 1166 3090 correctione
1190 3024 1281 3090 disci-

57 3129 161 3211 plinas
189 3134 341 3215 artesque
368 3129 428 3212 ita,
455 3133 491 3193 ut
517 3134 632 3214 postea
659 3132 780 3196 factum
810 3136 872 3215 est,
905 3132 1007 3197 excoli
1035 3132 1177 3215 potuisse
1206 3154 1280 3198 con·

57 3237 160 3302 tendo.
210 3234 297 3301 Nam
326 3235 382 3300 ubi
408 3237 519 3319 priora
547 3241 694 3322 tempora
722 3262 847 3304 mecum
880 3239 1131 3324 recognoscetis,
1161 3243 1198 3304 ut
1230 3240 1281 3305 illi

57 3343 166 3427 aetati,
195 3365 293 3428 quam
320 3363 379 3407 nec
406 3349 577 3410 contemno
607 3350 639 3409 et
667 3345 752 3410 iusto
776 3345 905 3410 modulo
929 3345 1037 3411 metiri
1060 3345 1139 3410 mihi
1162 3346 1280 3429 videor,

57 3470 190 3535 magnas
222 3451 360 3514 virtutes
392 3453 426 3514 et
451 3449 599 3515 homines
632 3456 700 3517 tam
732 3456 839 3517 cetera
871 3452 1004 3519 eximios
1036 3475 1133 3536 quam
1161 3454 1281 3536 pietate

56 3558 187 3642 egregia
208 3556 355 3641 insignes
373 3578 439 3621 non
458 3557 597 3622 defuisse
619 3581 685 3624 non
709 3560 884 3643 negabitis3
908 3560 955 3625 ita
977 3559 1130 3624 ecclesiae
1153 3561 1278 3625 ruinam

56 3668 87 3727 et
112 3665 332 3729 calamitatem
360 3664 451 3728 nulla
482 3687 516 3728 re
544 3666 648 3750 magis
681 3687 752 3731 esse
784 3667 954 3732 adductam
982 3688 1079 3750 quam
1110 3666 1280 3751 ingruente

56 3792 158 3836 rerum
189 3771 387 3854 optimarum
414 3771 618 3856 ignoratione
647 3794 683 3836 ac
711 3773 859 3837 barbarie
892 3772 1085 3839 concedetis:
1118 3796 1216 3857 quum
1249 3775 1282 3858 ii,

55 3879 107 3961 qui
138 3877 332 3942 eruditionis
365 3900 403 3942 ex
430 3878 623 3962 antiquitate
650 3880 788 3945 traditae
821 3883 959 3945 statores
992 3901 1062 3945 esse
1093 3884 1126 3945 et
1153 3902 1280 3945 conser-

56 3991 181 4050 vatores
204 3984 380 4061 debebant,
405 3985 567 4050 antistites
591 3987 859 4052 caerimoniarum
883 3989 915 4050 et
938 3988 1129 4070 sacerdotes,
1150 3987 1186 4051 in
1209 3992 1280 4052 tan·

54 4096 120 4157 tam
143 4093 392 4177 prolaberentur
419 4092 594 4176 inscitiam,
622 4098 658 4156 ut
684 4115 786 4178 neque
815 4094 853 4159 de
882 4094 997 4158 divinis
1025 4115 1085 4158 nec
1108 4094 1146 4157 de
1170 4093 1278 4160 huma-

55 4200 103 4263 nis
130 4200 229 4264 rebns
259 4196 413 4262 iudicium
441 4198 480 4261 iis
513 4199 614 4264 ullum
642 4204 818 4282 constaret,
851 4204 888 4265 ut
920 4223 1101 4264 sermonem
1128 4198 1280 4266 Latinum

56 4307 166 4371 multis
198 4306 343 4390 patrium
375 4305 546 4388 paullatim
578 4306 790 4390 dediscerent,
822 4308 971 4372 nonnulli
999 4329 1074 4372 vero
1107 4328 1148 4371 ne
1176 4310 1281 4391 prima

55 4414 182 4497 quidem
206 4413 403 4493 litterature,
434 4433 531 4496 quarn
559 4413 649 4495 pueri
677 4435 832 4479 sexennes
860 4416 991 4496 callent,
1020 4420 1128 4479 essent
1156 4416 1281 4498 imbuti,

55 4541 112 4584 nec
134 4519 296 4585 formulas
319 4539 504 4602 precesque,
529 4541 608 4603 quas
631 4521 817 4604 recitarent,
840 4521 1071 4605 intelligerent:
1098 4522 1187 4585 haud
1211 4522 1280 4586 sinc
