2760 4868
586 203 780 268 ..5-

60 365 228 430 nobilibus
246 365 350 431 lectus
371 366 541 451 sexaginta
566 364 735 429 minimum
758 384 862 428 annos
884 363 971 427 natis
995 366 1028 427 et
1049 364 1212 447 probitate
1236 365 1298 429 sin-

62 473 167 559 gulari
191 473 451 557 praestantibus3
478 494 537 537 nec
563 472 707 557 dignitas
737 470 1002 554 exstinguebatur
1029 469 1093 534 nisi
1122 493 1194 536 cum
1222 473 1304 543 vita.¹

65 583 169 666 Atque
188 580 271 646 haee
290 580 452 645 bonorum
471 600 573 663 aequa
594 578 709 643 divisio
732 580 764 641 et
785 576 956 660 imperium
980 577 1177 660 optimorum
1201 600 1297 662 quam

63 689 126 752 vim
147 687 336 770 habuerint,
359 708 456 751 nemo
480 686 619 770 ignorat.
666 682 772 760 Quum
796 684 881 748 enim
905 687 1032 749 constet
1054 685 1088 747 in
1112 684 1298 749 civitatibus

63 799 206 859 veterum
231 794 388 878 plurimas
412 793 524 858 turbas
549 796 582 856 et
605 791 652 855 rei
675 791 823 874 publicae
846 789 1082 854 vicissitudines
1105 794 1201 855 natas
1228 812 1297 856 esse

63 923 99 966 ax
125 901 230 965 nimia
259 922 357 984 opum
386 900 631 984 inaequalitate,
659 921 756 984 quam
779 897 917 962 Phalces
941 895 1190 981 Chalcedonius,
1222 897 1297 962 Phi-

64 1007 167 1073 lolaus
197 1007 388 1090 Thebanus,
421 1010 454 1070 et
480 1005 575 1071 Plato
603 1006 638 1070 in
665 1005 813 1088 proxima
842 1004 984 1088 optimae
1019 1003 1164 1088 civitate,
1199 1027 1295 1090 quam

63 1136 156 1198 opere
185 1113 226 1178 de
255 1113 380 1198 legibus
411 1112 566 1195 condidit,
597 1112 711 1176 tollere
744 1109 854 1174 sedulo
887 1110 1095 1193 studuerunt,
1129 1133 1167 1176 ac
1199 1134 1297 1196 quum

64 1241 162 1303 aeque
202 1224 343 1304 constet,
384 1220 573 1304 popularem
616 1218 869 1283 dominationem
912 1216 1069 1300 gliscente
1110 1217 1296 1301 plebeculae

63 1327 195 1392 licentia
221 1328 319 1393 facilc
349 1327 510 1393 declinare
538 1327 579 1392 ad
607 1326 871 1410 superbissimam
900 1326 957 1388 aut
991 1324 1080 1408 vulgi
1113 1328 1170 1389 aut
1202 1325 1296 1390 unius

63 1433 283 1518 tyrannidem:
306 1457 345 1499 eo
369 1433 542 1500 valuerunt
563 1434 681 1499 Dorica
704 1432 939 1517 Spartanorum
963 1432 1121 1516 instituta,
1144 1437 1181 1497 ut
1202 1434 1296 1498 novis

63 1541 155 1605 rebus
184 1541 360 1605 rarissimis
389 1541 577 1625 perturbata
604 1563 654 1605 res
682 1539 827 1623 publica,
860 1560 963 1624 neque
993 1538 1089 1603 ullius
1124 1543 1200 1602 aute
1228 1537 1294 1604 Ma-

65 1646 235 1711 chanidam
264 1650 297 1710 et
323 1647 434 1712 Nabin
462 1648 595 1731 tyranni
623 1645 810 1710 violentiam
838 1649 968 1728 experta
996 1645 1047 1710 sit.
1097 1644 1190 1722 Quod
1220 1667 1295 1710 vero

64 1754 192 1819 senibus
217 1751 370 1838 Spartani
392 1754 565 1838 parebant,
588 1753 692 1838 iisque
716 1754 944 1837 magistratum
967 1754 1159 1836 perpetuum
1183 1773 1296 1839 geren·

63 1862 161 1944 tibus,
195 1832 390 1926 hristomis
421 1860 664 1945 reprehensioni
697 1882 809 1924 ansam
841 1859 991 1943 praebuit
1027 1858 1193 1923 ferendum
1232 1858 1294 1924 hoc

63 1968 210 2051 dicentis,
242 1967 296 2032 ubi
323 1968 418 2052 probi
446 1968 512 2033 sint
540 1971 573 2032 et
600 1968 682 2032 bene
709 1967 865 2031 instituti:
900 1966 1028 2031 eosdenl
1056 1969 1166 2030 tamen
1194 1971 1295 2051 negat

63 2073 141 2137 tales
169 2073 212 2137 ab
240 2073 312 2157 ipso
342 2075 527 2160 legislatore
556 2074 700 2157 habitos,
734 2077 830 2158 atque
859 2078 896 2137 ut
923 2072 1082 2156 corporis,
1114 2072 1161 2137 ita
1194 2073 1294 2138 animi

63 2180 225 2266 quandam
247 2202 318 2246 esse
342 2186 540 2246 senectutem
568 2184 689 2247 monet.
736 2179 829 2256 Quod
857 2184 931 2245 utut
958 2183 1021 2264 cst,
1048 2183 1133 2244 certe
1162 2184 1294 2244 conten·

62 2287 159 2351 derim
182 2309 251 2351 non
274 2288 388 2353 melius
414 2289 555 2373 prospici
584 2289 629 2352 rei
658 2288 806 2372 publicae
834 2287 982 2351 firmitati
1010 2285 1167 2369 potuisse,
1195 2308 1293 2369 quam

62 2394 119 2460 hoe
147 2399 297 2461 senectae
324 2395 437 2461 habito
466 2396 598 2461 honore.
644 2395 723 2472 Quis
752 2396 838 2459 enim
866 2394 1020 2478 antiquae
1048 2414 1154 2456 rerum
1183 2393 1292 2457 condi-

61 2501 161 2566 cionis
184 2503 332 2587 tenacior
355 2525 451 2586 quam
475 2506 625 2567 senectus
653 2502 834 2586 composita
861 2505 894 2565 et
921 2499 1107 2564 moderata?
1135 2500 1207 2584 quis
1236 2522 1292 2566 no·

63 2632 171 2674 varum
200 2632 308 2675 rerum
337 2610 511 2675 studiosior
538 2632 635 2695 quam
664 2609 815 2674 iuvenum
845 2607 932 2673 acria
963 2606 1130 2692 calidaque
1162 2608 1293 2692 ingenia

60 2716 92 2780 in
113 2738 184 2780 rem
207 2716 371 2800 publicam
394 2738 504 2781 recens
528 2716 765 2781 insolentium?
809 2715 854 2780 Et
878 2719 999 2799 quanta
1023 2735 1135 2778 senum
1164 2715 1290 2798 sapien-

60 2823 125 2888 tia?
164 2827 286 2908 quanta
321 2845 429 2888 rernm
465 2823 604 2888 notitia?
647 2845 728 2908 quae
765 2822 922 2887 consilia?
965 2824 1086 2905 quanta
1124 2822 1291 2906 gravitas?

60 2935 180 3015 quanta
212 2930 420 2995 constantia?
475 2929 581 3015 Igitur
614 2928 765 3015 Spartani
799 2950 898 3014 quum
936 2927 1104 2991 audaciam
1140 2932 1292 3012 putarent

60 3037 204 3102 florentis
237 3037 355 3103 aetatis
393 3059 476 3121 esse,
513 3038 717 3121 prudentiam
755 3035 966 3119 senescentis,
1003 3035 1132 3099 iuvenes
1170 3035 1290 3100 viribus

59 3145 215 3228 corporis,
252 3164 364 3229 pugna
400 3147 432 3207 et
468 3143 576 3228 gladio
614 3142 767 3207 excellere
804 3142 987 3225 voluerunt,
1025 3140 1169 3226 senibus,
1209 3164 1290 3227 quae

59 3251 197 3335 ratione,
226 3250 403 3334 sententia,
426 3250 535 3314 animo
561 3250 842 3330 administrantur,
871 3248 996 3333 agenda
1023 3248 1172 3314 arbitrati
1201 3253 1289 3313 sunt:

59 3357 192 3441 ideoque
216 3377 377 3420 summum
402 3357 449 3420 rei
473 3355 619 3440 publicae
643 3356 828 3440 collegium,
857 3354 942 3439 quod
966 3354 1184 3420 Athenienses
1208 3353 1290 3420 Con-

59 3465 164 3528 silium
197 3462 420 3547 appellabant,
452 3461 587 3547 Spartae
619 3461 757 3527 Senatus
790 3467 822 3527 et
854 3466 924 3527 crat
955 3466 988 3527 et
1021 3462 1195 3527 dicebatur.
1245 3461 1289 3526 Et

58 3569 328 3656 quemadmodum
351 3569 386 3634 in
407 3569 532 3634 familia
555 3592 699 3634 summus
726 3569 831 3634 honos
859 3570 946 3653 patri
973 3567 1114 3633 familias
1142 3569 1289 3654 habetur,

59 3679 102 3742 ita
124 3677 278 3762 Spartae,
302 3698 397 3760 quam
421 3699 519 3740 unam
543 3680 576 3740 et
598 3676 769 3741 indivisam
793 3676 947 3740 familiam
972 3676 1140 3762 legislator
1164 3676 1288 3741 efficere

58 3784 192 3861 studuit,
221 3783 365 3847 maxima
388 3787 458 3847 erat
480 3805 592 3847 senum
615 3783 803 3848 reverentia.
848 3783 929 3847 Item
959 3788 1067 3847 autem
1095 3782 1289 3848 familiarem

57 3897 88 3955 et
123 3891 289 3956 connubia
325 3890 485 3975 quomodo
522 3890 747 3971 instruxerint,
783 3912 898 3973 pueros
937 3895 1032 3974 atque
1070 3891 1288 3956 adolescentes

58 3999 175 4082 quibus
208 3997 333 4062 artibus
361 3997 400 4062 ad
435 3996 695 4080 temperantiam,
729 3995 769 4059 ad
802 3995 1020 4079 prudentiam,
1054 3996 1095 4059 ad
1127 3996 1287 4062 fortitudi-

58 4128 145 4189 nem,
173 4104 214 4168 ad
242 4105 411 4188 pietatem,
443 4104 483 4168 ad
512 4104 619 4189 legum
648 4102 865 4167 obedientiam
893 4104 1105 4186 instituerint,
1138 4126 1287 4168 enarrare

57 4212 133 4277 nolo
157 4212 280 4296 peritis.
326 4210 410 4287 Quid
434 4233 510 4277 vero
533 4210 650 4293 dicam,
678 4211 715 4273 ut
738 4231 758 4272 a
783 4214 977 4290 mercatura,
1005 4232 1024 4272 a
1052 4209 1192 4294 negotiis
1221 4231 1287 4273 ma·

59 4318 191 4402 ritimis,
223 4317 265 4382 ab
297 4318 494 4402 agricultura
525 4317 701 4401 ceterisque
734 4315 841 4398 operis
873 4315 1085 4381 illiberalibus
1119 4316 1287 4380 retinuerit

59 4446 113 4490 eos
136 4424 325 4510 legislator?
370 4424 416 4488 Et
438 4425 597 4509 negotiari
620 4422 747 4508 quidem
777 4444 836 4487 uec
860 4422 982 4488 Romae
1006 4420 1156 4490 Senatori
1182 4422 1289 4488 licuit:

56 4538 89 4592 et
116 4530 243 4607 uteba,
272 4531 330 4612 qui
352 4530 397 4592 ad
420 4553 489 4594 rem
515 4531 685 4615 publicam
716 4534 872 4604 accedere
900 4535 1044 4626 vellent,
1071 4534 1189 4604 desem
1214 4531 1314 4599 anais
