2760 4868
588 164 803 230 ..55-

83 325 199 388 msture
222 322 408 409 elegerunt,
430 346 565 408 quorum
588 325 769 408 exemplum
787 322 971 389 Ioaebimus
996 324 1160 393 Secundus
1178 329 1308 395 Elector

83 434 189 514 postea
212 435 349 495 secutus
372 434 436 497 est:
458 413 561 515 neque
584 431 786 514 humanitus,
814 431 870 495 sed
893 430 1001 497 divino
1025 435 1159 499 consilio
1183 436 1308 501 videtur

86 537 201 602 lactum
224 558 309 623 esse,
332 542 370 603 ut
392 538 563 623 imperium
581 537 894 623 Brandenburgense
913 539 1065 604 ecclesiae
1084 542 1307 607 emendatione

85 645 218 709 maxime
251 648 435 730 augeretur.
485 643 598 710 Dicam
631 645 752 730 aliquid
784 645 950 729 pinguius,
983 645 1039 710 sed
1065 647 1204 712 fortasse
1232 671 1306 714 vero

26 828 28 837 Ι
86 750 166 816 baud
188 751 364 817 dissimile:
388 774 455 817 non
478 753 603 817 minora
625 773 743 816 nomen
767 751 1085 838 Brandenburgicum
1109 753 1250 821 Luthero
1274 760 1307 820 et

26 854 28 859 ’
87 859 239 942 pontificii
261 859 391 943 imperii
414 860 448 923 in
472 858 645 924 Germania
667 859 733 924 labi
756 858 860 941 debet,
886 881 982 943 quam
1005 861 1197 925 exercitibus
1220 862 1307 926 duci-

26 974 28 1051 }
88 965 202 1050 busque
225 965 424 1050 fortissimis,
447 989 546 1052 quum
569 987 688 1051 magna
710 989 785 1051 pars
804 970 963 1030 terrarum
986 966 1047 1050 ipsi
1070 969 1250 1051 parentium
1272 969 1306 1033 in

87 1073 306 1157 episcoporum
330 1073 407 1138 olim
430 1073 630 1157 aliorumque
653 1073 854 1138 dominorum
883 1072 1037 1137 ecclesiae
1060 1074 1306 1139 coniunctorum

26 1210 28 1217 ·
87 1183 243 1264 potestate
267 1179 379 1263 fuerit3
407 1203 506 1265 quum
529 1178 684 1245 Borussia
711 1181 782 1263 ipsa
808 1201 874 1245 non
898 1178 999 1243 multo
1023 1183 1099 1263 post
1121 1181 1305 1246 inchoatam

86 1308 187 1351 rerum
211 1308 378 1351 sacrarum
405 1288 673 1352 instaurationem
701 1286 735 1351 in
758 1288 936 1372 principem
960 1284 1306 1372 Brandenburgensem

26 1416 28 1449 ÷
85 1393 226 1478 cesserit,
265 1416 364 1479 quum
396 1392 704 1477 Halberstadiensis,
740 1393 1041 1479 Magdeburgensis,
1079 1393 1161 1457 aliae
1198 1395 1305 1477 plures

83 1500 220 1565 diciones
244 1503 371 1576 mature
395 1522 415 1564 a
437 1499 658 1565 sacerdotibus
681 1500 721 1565 ad
744 1500 928 1566 Electorem
956 1502 1022 1565 sint
1045 1499 1236 1566 translatae:
1264 1524 1304 1566 ne
1341 1564 1343 1569 .

82 1630 132 1672 eas
160 1614 268 1672 terras
295 1629 556 1691 commemorem,
590 1630 671 1691 quae
704 1613 816 1672 nostra
846 1612 951 1672 aetate
983 1610 1188 1691 comparatae
1222 1615 1305 1672 sunt.

81 1713 250 1779 Postremo
270 1714 362 1799 quasi
381 1714 521 1798 quodam
544 1714 612 1778 fato
632 1714 694 1778 loci
712 1736 812 1798 prope
836 1736 957 1798 omnes,
980 1735 1060 1798 quos
1082 1713 1216 1778 Lutheri
1237 1715 1305 1779 vita

79 1821 226 1907 insignes
250 1821 403 1905 reddidit,
424 1843 510 1886 nunc
533 1823 637 1886 nostri
661 1824 750 1886 sunt:
774 1821 906 1904 Islebia,
934 1821 989 1885 ubi
1013 1823 1123 1905 natus,
1145 1820 1306 1906 Erfordia,

78 1929 133 1994 ubi
156 1930 306 1993 excultus
328 1932 391 2012 est,
419 1927 596 2013 Viteberga
619 1929 702 2013 ipsa,
731 1928 786 1992 ubi
811 1927 934 2012 docuit,
962 1926 1048 1992 unde
1072 1928 1182 1992 orbem
1205 1931 1305 1993 terra·

78 2058 151 2101 rum
175 2035 355 2100 luminibus
378 2034 564 2099 clarissimis
588 2035 773 2099 illustravit.

166 2141 240 2206 Hoc
260 2145 368 2206 autem
387 2142 524 2226 saeculo,
547 2146 719 2226 postquam
738 2142 806 2206 irae
829 2143 904 2206 illae
930 2141 1154 2207 acerbissimae
1173 2141 1304 2206 iamiam

77 2249 298 2332 deterserunt,
322 2248 582 2334 suspicionesque
607 2253 749 2314 remotae
772 2253 862 2332 sunt,
892 2249 1008 2332 quibus
1031 2247 1176 2313 diversae
1200 2253 1305 2312 sectae

76 2378 147 2420 sese
170 2355 312 2420 invicem
330 2355 612 2439 persequebantur,
635 2355 789 2420 Friderici
808 2354 959 2419 Guilelmi
981 2355 1115 2438 imperio
1139 2355 1304 2419 lenissimo

77 2464 247 2547 utriusque
285 2462 438 2547 religonis
471 2461 584 2545 populi
615 2461 767 2527 fraternis
805 2463 921 2528 animis
957 2463 1059 2527 iuncti
1091 2461 1304 2527 continentur.

76 2569 140 2648 Qui
163 2591 264 2654 quum
291 2569 479 2652 republica
507 2568 628 2632 viribus
656 2591 818 2634 armorum
847 2570 998 2634 restituta
1020 2591 1071 2632 res
1096 2590 1204 2634 sacras
1229 2590 1305 2634 cura

76 2677 251 2762 potissima
278 2677 504 2760 amplectatur,
536 2677 632 2758 atque
664 2676 733 2759 ipse
762 2676 891 2759 pietatis
924 2676 1106 2759 exemplum
1139 2697 1177 2740 ac
1206 2676 1304 2759 speci·

75 2806 151 2850 men
174 2783 330 2849 eximium
353 2783 405 2866 sit,
427 2804 494 2847 non
516 2781 609 2865 haec,
637 2786 673 2846 ut
700 2783 785 2866 apud
813 2783 947 2866 multos,
975 2781 1133 2846 lentitudo
1157 2787 1220 2863 est,
1248 2783 1303 2846 sed

75 2891 225 2976 aequitas
254 2893 288 2954 et
313 2889 410 2973 ratio,
443 2887 528 2972 quod
557 2893 688 2954 neutros
717 2890 820 2974 magis
849 2888 970 2974 diligit,
999 2888 1122 2952 neutris
1150 2888 1303 2952 maiorem

75 2997 173 3063 fidem
196 2998 305 3061 inesse
324 2998 442 3080 censet,
464 3017 523 3061 nec
545 3017 657 3060 sensus
680 2997 863 3062 animorum
886 2995 961 3059 ullis
984 2994 1121 3059 vinculis
1145 2995 1302 3059 constrin·

75 3106 134 3191 git.
183 3104 268 3180 Quid
297 3103 381 3188 quod
410 3102 598 3168 Pontificem
629 3103 734 3186 ipsum
763 3102 932 3186 demeruit,
966 3103 1021 3187 qui
1049 3104 1206 3186 quantum
1234 3100 1302 3166 Fri·

75 3212 183 3278 derico
218 3210 379 3277 Guilelmo
412 3209 583 3293 tribueret,
619 3208 777 3274 Palatinis
810 3209 911 3293 copiis
944 3208 1099 3294 pristinae
1132 3208 1201 3272 sedi
1233 3210 1302 3273 red—

75 3319 189 3384 dendis
218 3319 262 3382 sit
288 3317 373 3383 haud
402 3317 537 3382 obscure
564 3316 777 3381 testificatus?
823 3314 936 3401 Neque
964 3319 1073 3381 tamen
1096 3312 1165 3378 Rex
1192 3319 1303 3380 noster

76 3426 215 3510 patitur,
243 3429 280 3490 ut
302 3423 471 3490 commoda
493 3424 645 3503 ecclesiae
670 3423 893 3489 emendatione
916 3426 1009 3506 parta
1032 3421 1217 3487 dilabantur
1247 3426 1304 3487 aut

77 3531 321 3614 deminuantur,
353 3531 407 3615 qui
437 3531 553 3595 ceteris
581 3530 754 3595 uirtutibus
783 3529 850 3593 suis
877 3529 939 3594 hoc
967 3529 1069 3612 addit,
1102 3528 1188 3612 quod
1214 3529 1302 3593 litte-

76 3661 186 3704 rarum
219 3637 326 3702 studia
356 3637 480 3702 artibus
513 3641 546 3702 et
578 3636 755 3721 disciplinis
789 3635 942 3718 colendis,
975 3639 1008 3698 et
1039 3635 1144 3699 omnis
1177 3637 1302 3720 generis

77 3745 199 3810 scholis
227 3746 347 3829 partim
375 3744 549 3809 condendis
574 3745 693 3828 partim
721 3744 859 3808 lautiore
888 3744 1045 3825 apparatu
1074 3741 1229 3826 augendis
1253 3765 1302 3806 ex-

76 3853 158 3917 citat
182 3854 216 3916 et
239 3853 415 3916 confirmat.
461 3850 558 3916 Cuius
583 3851 785 3916 liberalitatis
814 3849 854 3914 ad
878 3870 1048 3933 quosnam,
1077 3871 1210 3932 quaeso,
1238 3850 1302 3913 fru-

76 3967 148 4025 ctus
171 3961 311 4025 maiores
335 3958 569 4042 redundarunt,
599 3979 697 4042 quam
727 3957 766 4021 ad
790 3960 935 4021 nostram
959 3954 1148 4019 eruditionis
1173 3956 1301 4020 sedem?

77 4068 184 4153 lgitur
210 4066 364 4131 Friderici
392 4063 541 4129 Guilelmi
569 4064 722 4129 natalicia
753 4085 949 4146 quamquam
976 4061 1101 4147 patriae
1133 4064 1302 4128 universae

76 4179 154 4240 sunt
186 4172 383 4256 communia,
419 4175 530 4236 tamen
562 4172 636 4236 huic
670 4171 872 4236 universitati
904 4170 1138 4254 quodammodo
1170 4171 1303 4254 propria

76 4281 179 4346 videri
208 4280 341 4363 debent3
373 4299 476 4362 neque
508 4300 649 4363 unquam
676 4277 756 4342 haec
784 4277 909 4342 desinet
936 4278 1078 4362 parentis
1111 4278 1160 4342 sui
1188 4278 1302 4342 merita

77 4393 172 4474 grata
194 4391 305 4452 mente
331 4386 471 4451 recolere
495 4385 669 4468 laudesque
693 4383 862 4468 disserere,
890 4384 944 4448 sed
969 4383 1143 4469 quotannis
1168 4383 1301 4450 hoodie

76 4494 257 4561 laetissimo
295 4493 329 4558 in
365 4492 521 4578 Principis
559 4491 799 4558 clementissimi
836 4491 934 4555 verba
969 4494 1002 4555 et
1038 4493 1126 4577 leges
1163 4491 1204 4555 ab
1245 4490 1301 4552 illo
