2760 4868
559 189 775 253 ...41-

56 372 111 415 non
138 349 251 414 solum
281 348 433 414 doctores
461 347 629 432 disciplina
659 348 765 434 rigida
793 348 950 430 cohibuit,
985 372 1095 415 verum
1123 351 1220 416 etiam
1249 356 1285 416 ut

57 457 221 522 dividendo
250 456 442 540 imperaret,
469 455 724 539 philosophiam,
753 455 965 541 theologiam,
995 458 1072 521 iuris
1097 458 1285 543 doctrinam,

58 572 151 630 artem
180 563 342 628 medicam
371 563 475 627 voluit
503 563 664 627 seiunctas
693 584 776 647 esse,
805 563 899 629 sicuti
923 565 1084 648 opificium
1109 568 1283 644 tentorium

60 695 75 736 a
95 671 219 737 sutorio
245 674 279 734 et
300 669 413 734 fabrili
432 669 569 733 divisum
593 674 656 752 est,
679 669 755 735 hinc
775 671 1016 735 universitatem
1036 672 1227 738 litterariam
1249 674 1283 737 in

60 779 179 844 scholas
205 778 353 863 singulas
377 777 458 842 locis
482 780 648 860 separatas
673 776 865 860 dispertivit,
889 782 1038 863 artesque
1062 781 1155 864 quasi
1179 781 1212 843 in
1236 781 1284 844 in-

61 887 142 950 sulas
166 885 328 970 seposuit:
353 883 409 968 qui
432 905 517 948 nunc
541 883 611 967 ipse
635 884 668 948 in
692 906 768 948 saxo
793 882 912 949 Oceani
937 887 1145 951 consenescit.
1182 886 1282 952 Porro

60 994 208 1078 quoniam
241 991 343 1056 animi
376 991 527 1055 iuvenum
561 989 600 1054 ad
630 989 816 1054 libertatem
845 996 1015 1075 emergunt
1047 992 1224 1076 difficilius,
1256 995 1283 1059 si

59 1100 211 1184 quidquid
234 1098 422 1163 discendum
447 1102 479 1160 et
501 1097 662 1181 agendum
686 1101 748 1180 est,
776 1098 967 1183 imperatur,
990 1102 1022 1162 et
1045 1101 1112 1164 vita
1134 1101 1284 1166 universa

59 1213 141 1271 melu
166 1207 317 1292 magistri
343 1204 525 1286 cohibetur3
553 1203 587 1267 in
612 1202 785 1269 Germania
810 1206 1075 1291 universitatibus
1100 1206 1282 1273 scholarum

58 1315 239 1379 libertatem
260 1314 357 1376 etiam
373 1311 498 1375 vivendi
518 1310 688 1396 quandam,
706 1333 800 1395 quam
820 1313 1036 1378 academicam
1051 1335 1164 1378 vocare
1179 1314 1284 1378 solent

57 1423 206 1505 varieque
231 1424 329 1504 atque
352 1418 513 1482 interdum
537 1417 675 1482 deterius
699 1419 965 1503 interpretantur,
991 1443 1175 1486 concessam
1199 1422 1283 1486 vide-

56 1551 138 1611 mus,
169 1526 233 1591 sibi
261 1527 411 1610 quisque,
438 1525 488 1589 cui
516 1527 549 1589 se
577 1524 741 1589 doctrinae
769 1526 923 1611 applicet,
950 1550 1012 1608 quo
1041 1531 1182 1592 mentem
1207 1529 1284 1612 alat,

55 1658 147 1720 quam
177 1637 301 1699 sectam
326 1632 411 1696 vitae
439 1632 600 1715 instituat,
624 1630 730 1714 eligit:
758 1654 817 1715 pro
844 1633 998 1719 obsequio
1023 1635 1169 1719 militari,
1199 1637 1282 1720 quod

56 1743 135 1806 idem
169 1741 225 1804 ille
259 1744 421 1822 tyrannus
454 1735 573 1802 Corsos
611 1737 869 1804 adolescentibus
903 1742 1057 1806 studiosis
1090 1742 1282 1826 iniunxerat,

56 1849 196 1933 paternis
221 1847 366 1912 consiliis
391 1845 589 1930 imperioque
616 1838 848 1910 iurisdictionis
878 1849 1069 1913 auctoritate
1093 1849 1282 1915 confirmato

56 1961 222 2041 reguntur:
252 1953 390 2037 denique
418 1973 477 2016 nos
505 1955 675 2036 parentum
700 1954 769 2017 loco
794 1974 918 2039 sumus3
947 1976 1018 2038 vos,
1046 1957 1282 2022 commilitones

56 2063 228 2145 carissimi,
255 2083 323 2125 non
346 2063 413 2123 tam
439 2059 587 2143 discipuli
611 2046 707 2144 qnam
731 2059 906 2124 familiares
931 2082 968 2124 ac
991 2061 1097 2145 liberi,
1125 2064 1240 2146 quint
1264 2088 1283 2128 a

55 2171 205 2234 libertate
234 2189 354 2232 nornen
384 2167 588 2250 invenerunt,
621 2167 666 2231 sic
694 2166 813 2230 debent
844 2165 1021 2231 liberaliter
1048 2168 1169 2233 haberi.
1221 2169 1285 2234 Sed

56 2278 186 2343 licentia
223 2274 481 2359 comprimenda:
513 2274 540 2337 si
568 2273 635 2337 fieri
668 2276 789 2356 potest,
822 2273 1040 2338 admonitione
1074 2280 1107 2339 et
1139 2276 1284 2362 hortatu,

57 2386 107 2448 sin
129 2386 251 2466 minus,
279 2382 407 2446 articuli
429 2380 545 2445 tumidi
573 2380 622 2443 vel
650 2380 725 2444 tabe
752 2379 928 2444 insanabili
957 2381 1062 2446 affecti
1092 2382 1175 2447 ferro
1200 2405 1282 2447 rese-

57 2492 148 2556 candi
176 2494 263 2556 suut.
315 2488 382 2552 lam
411 2488 459 2551 ita
485 2487 627 2551 instituti
656 2490 687 2550 et
715 2487 834 2552 exculti
864 2487 919 2551 ubi
951 2487 991 2551 ad
1018 2509 1085 2552 rem
1120 2490 1282 2573 publicam

58 2605 204 2683 artesque
228 2597 383 2661 honestas
406 2593 599 2659 exercendas
623 2594 835 2676 accesseritis,
862 2594 985 2659 fructus
1010 2595 1198 2660 eruditionis
1226 2618 1283 2679 per

58 2728 112 2770 ros
139 2708 217 2770 suut
246 2703 420 2788 spargendi
449 2706 481 2766 et
508 2701 543 2764 ia
569 2700 759 2765 beatitatem
788 2722 886 2784 quum
916 2701 1057 2766 civitatis
1083 2702 1184 2786 ipsius
1213 2707 1282 2767 tum

59 2812 259 2896 singulorum
278 2809 477 2894 proferendi:
497 2808 630 2871 libertas
651 2807 842 2890 animorum,
861 2830 957 2891 quam
978 2807 1065 2872 bona
1084 2830 1134 2873 res
1153 2810 1283 2893 publica

59 2920 185 2983 maximi
219 2917 312 3000 facit,
344 2916 428 3001 quod
461 2916 530 2980 sine
562 2915 619 2978 illa
650 2937 690 2978 ne
719 2915 820 2979 civilis
848 2915 976 2999 quidem
1005 2915 1137 2979 retineri
1166 2919 1282 2999 potest,

60 3023 312 3106 disseminanda,
332 3023 473 3087 numinis
491 3022 773 3107 cultus'genuinus
792 3022 1042 3107 promovendus,
1063 3022 1154 3087 dotes
1174 3023 1283 3107 animi,

61 3135 106 3198 eui
128 3134 215 3198 vires
239 3131 382 3214 corporis
405 3130 558 3208 serviunt,
582 3129 803 3213 explicandam
831 3130 1041 3215 propaganda
1064 3130 1202 3214 iustitia,
1231 3152 1283 3194 ae-

61 3242 176 3325 quitas,
200 3240 304 3304 virtus
326 3237 490 3320 universa,
518 3237 646 3300 miseria
670 3240 795 3321 generis
818 3235 966 3315 humani,
993 3236 1136 3321 inscitia,
1164 3237 1283 3322 inopia,

61 3345 262 3412 imbecillitas
281 3366 461 3428 corporum,
484 3343 533 3407 vis
557 3343 742 3408 morborum
762 3347 819 3408 aut
841 3343 1079 3429 propulsandae
1099 3348 1156 3408 aut
1174 3345 1282 3408 levan-

61 3453 123 3518 dae.
168 3452 220 3517 Ex
243 3451 346 3535 vobis,
369 3450 466 3515 etiam
490 3451 606 3515 bellica
629 3472 730 3534 nuper
753 3451 858 3535 gloria
880 3451 1078 3536 insignibus,
1104 3451 1170 3515 iam
1193 3451 1282 3534 pacis

62 3563 248 3625 ornamenta
275 3561 432 3642 petentur.
481 3556 520 3621 In
553 3558 668 3641 quibus
705 3559 844 3643 negotiis
877 3558 1059 3623 utilissimis
1088 3557 1213 3622 utinam
1242 3580 1282 3621 ne

62 3690 78 3730 a
102 3670 190 3732 recto
218 3667 348 3750 itinera,
378 3687 441 3750 quo
469 3665 606 3729 nisime
632 3666 741 3729 omnia
769 3665 901 3749 fallunt,
934 3665 1125 3739 contendere
1153 3663 1282 3748 penitus

61 3773 246 3856 imbibistis,
275 3773 451 3837 deflectatis
480 3794 635 3857 unquam,
665 3772 916 3856 commilitones,
950 3773 1074 3836 utinam
1102 3793 1143 3834 ne
1172 3770 1282 3834 exhor-

61 3881 189 3945 tationis
212 3883 344 3945 nostrae
367 3881 587 3943 immemorem
608 3879 753 3962 ambitio,
776 3880 920 3958 avaritia,
945 3879 1048 3944 nralae
1071 3883 1155 3942 artes
1179 3882 1282 3942 trans-

61 4009 184 4052 versum
213 4007 406 4070 quemquam
435 3989 544 4069 agant
590 3983 700 4049 Nolite
729 3986 888 4070 oblivisci,
916 3986 1000 4070 quod
1028 3986 1126 4050 homo
1155 4007 1219 4049 nou
1250 3986 1283 4048 iu

61 4093 223 4158 umbratili
240 4092 325 4156 vitae
345 4112 461 4176 genere
481 4092 642 4175 educatus,
665 4115 731 4157 non
750 4116 855 4157 rerum
876 4092 1087 4177 gerendarum
1106 4093 1283 4175 imperitus,

61 4200 113 4264 sed
135 4222 203 4264 rem
228 4199 390 4282 publicam
415 4203 449 4263 et
471 4199 620 4264 fortunae
645 4200 881 4264 vicissitudines
906 4203 1069 4282 expertus,
1100 4200 1186 4282 quod
1209 4199 1283 4262 Tul-

61 4307 119 4371 lius
143 4311 283 4371 aetatem
308 4307 480 4370 exercitam
505 4310 537 4371 et
562 4306 826 4390 occupationibus
855 4306 995 4370 deditum
1019 4328 1166 4370 emensus
1191 4305 1283 4370 dicit:

62 4414 119 4478 Est
140 4436 224 4477 unus
249 4413 317 4477 dies
341 4413 421 4477 bene
445 4418 477 4478 et
505 4437 543 4479 ex
566 4415 746 4501 praeceptis
775 4413 998 4501 philosophiae
1021 4416 1113 4477 actus
1135 4413 1288 4498 peccanti

61 4519 294 4585 immortalitati
313 4522 564 4603 anteponendus.
