2760 4868
683 567 738 642 Π.

163 725 290 798 araca
321 728 507 800 neurius
536 728 714 801 arraona
743 726 918 801 Guilelmi
946 730 1009 801 111.
1038 678 1267 805 alatrinus

331 852 364 924 d.
393 867 441 922 111.
468 875 517 925 m.
545 854 639 949 Aug.
667 875 698 927 a.
726 867 921 925 dccccxlv.
950 854 1090 928 habita

632 1028 791 1037 ——-

191 1148 225 1216 Si
258 1153 306 1217 rei
338 1154 484 1237 publicae
516 1151 592 1216 huic
622 1153 813 1234 litterariae,
850 1151 1015 1237 Principes
1048 1153 1230 1237 celsissimi,
1267 1156 1329 1221 viri

99 1256 374 1341 excellentissimi,
407 1260 562 1343 illustres,
590 1260 804 1342 celeberrimi,
842 1258 1077 1325 commilitones
1106 1261 1230 1345 dilecti,
1263 1262 1329 1327 lae

100 1362 215 1428 tiorem
243 1364 407 1450 hucusque
435 1366 519 1431 diem
551 1366 695 1431 extitisse
721 1366 846 1431 nullum
874 1365 997 1450 dixero,
1026 1389 1122 1451 quam
1152 1368 1207 1452 qui
1234 1367 1333 1433 hodie

102 1492 171 1535 non
189 1471 283 1536 modo
302 1472 507 1556 popularium
525 1478 719 1551 nostrorum,
739 1473 794 1537 sed
813 1474 974 1538 communi
989 1472 1233 1558 Germanorum,
1252 1475 1334 1560 quiu

100 1577 252 1663 Europae
281 1579 381 1643 totius
405 1579 524 1663 gaudio
548 1581 683 1664 affulsit,
712 1580 797 1645 haud
821 1601 945 1663 vereor,
972 1603 1013 1644 ne
1037 1582 1108 1665 quia
1131 1581 1164 1646 id
1189 1583 1333 1648 oratorio

100 1684 206 1769 magis
234 1685 344 1768 modo,
374 1707 469 1769 quam
498 1706 537 1751 ex
564 1686 612 1750 rei
639 1686 863 1771 magnitudine
892 1707 930 1751 ac
953 1686 1112 1772 dignitate
1136 1688 1257 1754 dictum
1282 1711 1333 1753 ar-

105 1794 251 1858 bitretur.
297 1791 401 1868 Quum
430 1793 516 1858 enim
544 1794 665 1858 natalis
690 1792 847 1857 Friderici
871 1792 1023 1857 Guilelmi
1050 1793 1119 1858 dies
1147 1799 1180 1859 et
1207 1794 1334 1860 civibus

102 1921 160 1984 per
182 1899 352 1984 imperium
377 1900 543 1983 universis,
567 1906 600 1964 et
621 1899 697 1964 huic
719 1898 910 1984 praesertim
934 1899 1064 1964 scholae
1088 1901 1129 1965 ab
1152 1900 1210 1965 illo
1228 1901 1333 1965 muni-

101 2005 309 2069 ficentissime
328 2006 477 2070 conditae
497 2006 672 2090 quotannis
690 2004 909 2069 faustissimus
927 2004 1099 2089 habeatur;
1119 2007 1181 2071 etsi
1196 2010 1333 2091 quartus

99 2111 153 2176 hic
181 2134 284 2176 annus
315 2116 378 2196 est,
406 2134 469 2197 quo
498 2111 676 2196 principem
700 2111 890 2175 mortalibus
913 2111 1047 2176 beandis
1070 2117 1183 2177 natum
1208 2135 1246 2177 ex
1270 2113 1333 2178 hoc

100 2218 172 2283 loco
196 2218 323 2302 publice
346 2240 545 2302 veneramur,
568 2218 706 2283 triennio
729 2218 830 2302 priori
854 2218 888 2280 in
907 2219 977 2301 pari
987 2219 1116 2302 pietate
1135 2242 1203 2285 non
1220 2224 1333 2285 tamen

100 2324 162 2390 hoc
190 2330 296 2390 erecto
324 2326 484 2410 hilarique
511 2327 635 2408 animo,
661 2325 724 2389 hoc
747 2325 833 2390 dulci
857 2328 1014 2408 gratoque
1037 2327 1169 2410 affectu,
1196 2326 1333 2413 denique

99 2432 160 2497 bac
205 2436 299 2498 tanta
343 2455 449 2497 rerum
495 2438 680 2498 nostrarum
725 2432 842 2497 fiducia
888 2454 925 2515 ac
967 2433 1140 2497 securitate
1181 2433 1332 2498 accedere

99 2538 230 2603 licebat:
260 2539 315 2604 sed
343 2540 521 2624 primorum
551 2540 757 2604 sollemnium
787 2540 942 2603 laetitiam
968 2538 1109 2604 formido
1131 2539 1332 2604 imminentis

100 2645 225 2729 pridem
273 2647 482 2731 calamitatis,
528 2668 609 2732 quae
651 2646 815 2712 civitatem
856 2644 1086 2709 labefactatam
1129 2651 1332 2729 prosternere

101 2753 230 2836 penitus
264 2775 357 2837 posse
385 2754 568 2832 videbatur,
602 2753 628 2817 si
656 2774 722 2818 non
749 2751 907 2832 turbavit,
936 2754 1021 2815 certe
1049 2751 1133 2815 curis
1162 2751 1354 2816 anxiorum'

100 2859 243 2945 miscuit3
281 2860 382 2924 altera
419 2864 488 2925 tum
524 2864 610 2942 acta,
646 2880 745 2944 quum
777 2877 890 2942 regum
924 2856 1133 2940 iustissimus,
1170 2879 1212 2922 ne
1245 2859 1332 2922 salus

103 2966 232 3049 publica
254 2965 504 3051 periclitaretur,
532 2967 612 3032 citra
640 2964 742 3049 ipsius
770 2985 899 3029 sensum
929 2984 966 3028 ac
994 2964 1192 3028 voluntatem
1216 2985 1333 3029 causae

100 3072 333 3137 iniustissimae
366 3073 499 3151 servire,
532 3074 720 3137 societatem
753 3091 824 3134 cum
857 3068 950 3134 hoste
983 3070 1206 3136 universorum
1239 3071 1332 3153 inire,

101 3200 211 3265 agros,
242 3180 338 3244 urbes
367 3200 519 3264 arcesque
546 3181 676 3243 nostras
704 3177 790 3241 socio
819 3176 954 3254 subdolo
982 3176 1016 3240 in
1043 3180 1239 3260 potestatem
1267 3182 1330 3241 tra·

102 3285 191 3367 dere,
224 3286 333 3371 copias
366 3285 506 3351 delectas
538 3285 691 3350 adversus
724 3282 901 3367 principem
933 3281 1058 3346 sincera·
1084 3283 1227 3347 amicitia
1256 3304 1331 3349 con-

100 3390 245 3456 iunctum
278 3392 312 3455 in
342 3391 488 3457 boreales
515 3395 619 3455 terras
648 3389 776 3453 mittere
804 3390 934 3452 coactus
962 3394 1061 3455 esset:
1094 3412 1157 3474 quo
1185 3393 1331 3474 tempore

102 3503 222 3584 quanta
250 3498 418 3584 aegritudo
446 3501 587 3562 mentem
616 3498 738 3582 regiam
768 3493 930 3576 afflixerit,
958 3516 1054 3559 nemo
1083 3500 1133 3559 est
1160 3497 1214 3581 qui
1237 3497 1330 3580 igno·

101 3609 164 3670 ret:
192 3611 356 3690 postremo
385 3605 517 3669 tertium
540 3604 692 3669 redeunte
716 3602 767 3666 die
790 3599 891 3685 Regis
913 3601 1039 3665 nomini
1062 3623 1153 3666 sacro
1177 3603 1332 3669 inchoata

102 3712 232 3796 quidem
264 3711 437 3777 Borussiae
470 3711 602 3775 libertas
635 3708 790 3774 Friderici
825 3706 977 3771 Guilelmi
1010 3708 1127 3773 virtute
1160 3712 1244 3793 erat,
1275 3708 1331 3774 sed

102 3819 245 3883 nondum
269 3819 424 3903 perfecta,
449 3823 482 3882 et
505 3817 661 3902 praeclari
685 3815 812 3901 quidem
838 3814 941 3877 exitus
965 3817 1100 3900 auguria
1123 3816 1332 3881 ostentaban-

101 3931 168 4009 tur,
199 3925 254 3991 sed
281 3926 385 3991 hostis
415 3930 505 3991 atrox
534 3925 685 4009 quinque·
703 3923 744 3986 ab
767 3921 855 3986 Urbe
883 3921 1029 3986 miliariis
1058 3923 1180 3987 aberat.
1225 3922 1331 3988 Hodie

101 4053 177 4098 vero
209 4055 307 4117 quum
342 4032 421 4096 mihi
453 4033 552 4097 verba
584 4030 731 4096 facienda
764 4033 853 4110 sunt,
886 4033 1086 4113 quantopere
1113 4052 1165 4094 me
1193 4051 1332 4095 commo

101 4140 169 4206 veri
202 4139 340 4224 putatis,
373 4139 400 4202 si
427 4139 599 4223 pristinam
628 4137 835 4218 tenuitatem,
869 4136 1016 4200 miserias
1045 4157 1082 4200 ac
1110 4140 1331 4220 contemptam

102 4246 266 4330 praesenti
295 4268 401 4310 rerum
430 4250 613 4310 nostrarum
639 4241 844 4327 amplitudini
868 4242 1081 4306 contulerim?
1110 4242 1136 4306 si
1161 4240 1261 4326 Regis
1284 4265 1332 4307 sa·

127 4352 230 4418 ientia
249 4357 282 4417 et
299 4372 457 4437 generosa
475 4351 620 4434 consilia,
642 4350 757 4433 quibus
777 4353 870 4413 tanta
887 4371 994 4413 rerum
1013 4349 1198 4413 immutatio
1218 4348 1333 4412 effecta

73 4373 214 4528 *a
225 4458 351 4539 populi
371 4459 484 4543 tidem,
515 4457 751 4541 obedientiam,
778 4455 887 4522 studia
908 4456 956 4519 rei
977 4454 1124 4539 publicae
1149 4453 1333 4519 evehendae
