2760 4868
610 172 828 235 ..13-

107 327 348 392 commodorum
377 351 502 393 summa
530 351 568 393 co
596 331 754 394 contineri
787 331 924 412 videtur,
957 331 1043 413 quod
1075 331 1144 415 regi
1176 353 1339 413 paremus.

106 431 178 498 Hoc
200 456 276 499 vero
300 457 398 519 quum
423 435 507 519 dieo,
536 436 562 500 si
586 458 636 500 me
661 458 862 501 communem
893 458 992 519 prope
1016 438 1159 500 onmium
1183 437 1337 520 Europae

105 543 284 626 nationum,
307 546 344 606 ut
366 565 451 607 nunc
473 544 668 607 constitutae
692 547 777 625 sunt,
800 543 975 607 utilitatem
999 544 1087 627 loqui
1111 544 1245 627 putatis,
1269 566 1337 608 non

103 649 198 713 nobis
221 651 400 734 propriam;
432 649 491 714 etsi
515 671 572 713 vos
596 649 718 733 largior
740 653 825 712 recte
849 648 1002 733 iudicare,
1032 655 1142 714 tamen
1164 651 1198 714 in
1221 654 1337 714 nostra

105 757 236 821 civitate
269 757 352 840 regii
385 756 510 840 imperii
543 757 776 838 praestantiam
806 757 984 820 clarissime
1014 756 1152 820 eluxisse
1181 758 1337 821 maxime-

105 884 167 947 que
200 863 372 927 eminuisse
404 863 573 927 contendo.
628 861 733 936 Quum
766 863 851 926 enim
890 866 1003 926 contra
1039 863 1166 928 hostem
1204 864 1336 949 generis

105 969 249 1052 humani,
273 968 328 1053 qni
346 969 482 1052 pecunia
500 968 703 1052 fortunisque
722 968 841 1032 nostris
861 990 927 1032 non
946 973 1126 1052 contentus,
1150 971 1335 1035 animorum

106 1075 203 1139 etiam
227 1075 413 1139 libertatem
437 1075 599 1140 sublatam
623 1076 761 1160 volebat,
787 1076 1042 1161 sanguinemque
1066 1080 1099 1140 et
1121 1078 1222 1142 vitam
1246 1083 1336 1163 pete·

104 1181 175 1260 bat,
208 1182 359 1246 obsessae
391 1181 564 1246 hostilibus
597 1181 699 1264 copiis
731 1182 776 1245 rei
808 1182 970 1266 publicae,
1007 1183 1217 1263 facultatibus
1252 1188 1335 1249 atte-

103 1289 227 1373 nuatis,
265 1289 423 1354 exercitus
455 1287 662 1352 instruendus
696 1291 780 1351 esset
813 1309 879 1351 non
913 1288 1097 1373 mediocris,
1133 1289 1188 1353 sed
1220 1294 1335 1354 tantus

103 1397 259 1476 qnantum
287 1417 328 1458 ne
351 1395 579 1459 florentissima
602 1394 730 1478 quidem
760 1397 865 1459 aetate
888 1392 1042 1458 Bonussia
1064 1400 1250 1480 paraverat,
1279 1419 1335 1461 ne·

106 1521 167 1583 que
195 1502 227 1565 id
260 1501 456 1586 pedetentim
490 1505 523 1566 et
553 1523 611 1585 per
643 1502 745 1566 otium
778 1502 847 1565 fieri
878 1505 1002 1585 posset,
1035 1502 1090 1573 sed
1122 1501 1335 1568 festinatione

106 1629 232 1672 summa
255 1608 426 1672 accelerari
449 1608 594 1671 deberet:
617 1611 686 1673 tum
710 1608 810 1693 igitur
829 1608 900 1691 quis
925 1611 974 1672 est
997 1608 1052 1692 qui
1076 1612 1214 1693 censeat,
1237 1613 1335 1674 tanta

104 1712 273 1777 molimina
304 1717 373 1778 tam
401 1714 531 1797 acriter,
564 1718 631 1778 tam
664 1714 753 1778 brevi
787 1714 908 1797 spatio,
940 1717 1007 1777 tam
1040 1718 1153 1797 pacate
1186 1717 1333 1799 potuisse

103 1819 280 1904 profligari,
298 1820 360 1884 nisi
380 1821 465 1905 regis
485 1820 591 1884 dilecti
612 1821 804 1884 auctoritate
823 1823 915 1903 gesta
934 1823 1042 1884 essent
1060 1821 1193 1885 omnia?
1226 1821 1334 1898 Quod-

102 1948 178 1990 nam
202 1926 372 2011 imperinm
396 1926 437 1989 ad
461 1926 620 2012 agendum
644 1926 826 2010 promptius
850 1926 962 2010 regio?
1002 1929 1130 2012 quando
1153 1929 1237 1993 vires
1263 1931 1333 1994 uni-

103 2056 214 2099 versae
245 2034 467 2118 libertatisque
501 2034 653 2098 tutandae
685 2033 829 2097 subsidia
857 2034 961 2118 magis
990 2036 1200 2119 concordant,
1233 2060 1333 2121 quam

103 2165 167 2207 uno
191 2141 392 2224 moderante,
421 2141 476 2225 qui
499 2163 596 2204 manu
620 2140 726 2204 valida
753 2140 844 2204 frena
871 2143 985 2204 tenens
1009 2146 1126 2206 cuncta
1149 2143 1333 2227 gubernet?

103 2248 167 2313 Ubi
197 2272 271 2314 vero
300 2248 461 2313 discordia
488 2247 687 2331 frequentius
716 2252 884 2332 grassatur
911 2269 949 2311 ac
975 2249 1020 2311 rei
1051 2250 1199 2333 publicae
1232 2251 1333 2314 robur

104 2357 228 2442 frangit
251 2356 424 2438 funestiuS,
455 2377 549 2438 quam
574 2354 669 2418 iniis
694 2354 894 2437 civitatibus,
922 2375 1003 2437 quae
1030 2377 1206 2439 paucorum
1230 2356 1330 2421 domi·

102 2463 234 2527 natione
254 2466 310 2526 aut
332 2461 480 2545 populari
499 2460 633 2543 imperio
659 2461 816 2524 utuntur?
853 2459 974 2535 Quodsi
993 2459 1215 2546 Hispanorum
1240 2463 1331 2527 natio

102 2569 364 2654 generosissima,
397 2589 477 2651 quae
510 2567 600 2631 nullo
633 2567 756 2650 labore,
790 2567 878 2630 clade
910 2566 1014 2651 nulla,
1049 2569 1147 2633 nullis
1180 2570 1331 2653 miseriis,

102 2676 201 2741 nullis
233 2674 417 2757 tormentis,
451 2673 540 2737 nulla
572 2673 715 2738 hostiurn
748 2672 918 2738 atrocitate
949 2695 986 2736 ac
1014 2675 1150 2740 saevitia
1177 2676 1331 2740 deterreri

103 2783 143 2847 ab
168 2783 297 2866 incepta
315 2780 440 2865 patriae
464 2780 648 2845 liberandae
667 2781 721 2845 via
738 2783 877 2864 poterat,
900 2780 998 2843 talem
1021 2780 1189 2846 habuisset
1211 2803 1331 2867 regem,

102 2889 229 2973 qualem
261 2911 321 2953 nos
354 2909 556 2970 veneramur,
587 2887 733 2971 profecto
766 2890 876 2950 auctas
910 2887 1006 2969 vires,
1040 2892 1166 2953 auctam
1199 2910 1331 2953 coneor-

103 2995 203 3080 diam,
230 2999 341 3060 auctos
364 3016 471 3059 rerum
494 2993 706 3078 gerendarum
729 3014 846 3057 nervos
870 2992 1012 3056 vidisses.
1058 2993 1140 3070 Quid
1164 2993 1330 3060 Helvetii?

102 3103 178 3188 quid
205 3101 345 3167 Batavi?
396 3122 532 3185 quorum
560 3101 608 3164 illi
637 3100 799 3164 intestinis
828 3099 922 3162 malis
949 3101 1056 3164 vexati
1084 3101 1167 3164 nihil
1195 3101 1331 3185 dignum

102 3211 190 3275 avita
213 3209 317 3295 gloria
340 3209 501 3290 fecerunt3
524 3206 559 3271 hi
583 3228 681 3290 quum
705 3205 831 3271 animos
851 3206 1058 3272 ostenderent
1081 3208 1122 3272 ad
1144 3207 1330 3273 libertatem

101 3316 351 3402 recuperandam
384 3315 523 3379 maxime
556 3336 747 3399 propensos,
785 3312 848 3377 nisi
886 3313 1030 3398 principe
1068 3315 1186 3379 dudum
1222 3316 1331 3379 exsule

101 3425 239 3491 fuissent
268 3423 427 3506 destituti,
461 3423 619 3487 maturius
649 3423 718 3487 sine
746 3420 843 3484 dubio
872 3420 981 3504 copias
1009 3416 1188 3506 parassent.
1239 3421 1331 3486 Adde

102 3531 188 3616 quod
211 3531 330 3615 pietate
358 3531 393 3594 in
416 3550 526 3615 regem
549 3530 724 3615 benignum
749 3528 849 3592 animi
878 3527 1046 3592 hominum
1070 3529 1117 3593 ita
1148 3530 1331 3594 excitantur

102 3642 198 3722 atque
221 3638 446 3721 incenduntur,
470 3643 507 3703 ut
529 3660 587 3722 pro
612 3659 649 3701 eo
674 3634 893 3700 conservando
916 3633 1003 3700 haud
1021 3636 1129 3700 minus
1149 3659 1247 3720 qnam
1270 3659 1331 3720 pro

103 3767 160 3811 ara
187 3750 220 3810 et
252 3744 334 3810 focis
368 3745 533 3830 dimicent,
564 3743 709 3827 nihilque
742 3765 805 3827 quo
839 3743 906 3807 eius
938 3765 1057 3808 nomen
1085 3743 1241 3826 deminui,
1273 3746 1332 3806 aut

101 3853 218 3918 honori
242 3852 381 3936 detrahi,
408 3855 465 3916 aut
486 3851 633 3936 potentia
655 3851 810 3914 infirmari
833 3854 943 3934 queat,
971 3849 1046 3913 dum
1069 3850 1181 3913 vivant
1205 3871 1240 3913 ac
1266 3850 1331 3933 spi-

102 3962 189 4043 rent,
216 3960 418 4024 tolerandum
443 3960 647 4024 arbitrentur.
693 3957 800 4040 Atque
826 3958 987 4041 equidem,
1015 3980 1209 4041 quamquam
1234 3958 1329 4022 mult'

102 4066 308 4151 dissentiunt,
335 4067 422 4131 hand
450 4087 560 4131 vereor
584 4065 757 4147 affirmare,
785 4064 869 4128 inter
897 4065 1037 4129 maxima
1064 4065 1232 4149 beneficia,
1261 4065 1330 4149 qui·

101 4172 163 4237 bus
189 4173 264 4237 inde
288 4196 307 4237 a
330 4172 534 4239 Christianae
561 4172 637 4237 fidei
664 4171 867 4236 incunabulis
891 4170 979 4236 Deus
1007 4173 1160 4237 mortales
1189 4172 1331 4236 cumula·

103 4280 159 4358 vit,
183 4280 262 4345 illud
285 4280 372 4345 haud
394 4281 564 4344 minimum
587 4299 666 4362 esse,
690 4279 893 4362 quodquam
913 4279 1123 4366 olimgentes
1148 4278 1330 4344 eruditione

102 4388 242 4471 eleganti
271 4389 462 4473 conspicuae
490 4387 679 4472 popularem
707 4384 848 4450 civitatis
877 4389 999 4451 statum
1022 4387 1242 4451 instituissent
1263 4386 1329 4470 plc-

78 4506 215 4571 mue,
237 4514 381 4575 regnum
406 4499 517 4561 autem
544 4495 594 4562 vel
617 4493 729 4580 potins
752 4492 901 4578 tyrannis
922 4493 1018 4558 rudos
1040 4492 1179 4557 maxime
1203 4496 1236 4557 et
1258 4493 1331 4557 bar-
