2760 4868
607 194 824 257 „36-

106 352 196 437 boni,
225 354 400 438 sapientes,
427 353 583 437 prompti,
611 353 651 417 ad
675 354 925 437 pulcherrimum
955 354 1101 439 quodque
1127 354 1252 419 facinus
1277 378 1332 420 au-

106 461 213 545 daces,
246 461 299 545 qui
327 460 476 525 reducere
509 464 630 524 statum
658 461 822 525 meliorem
853 462 993 544 possint3
1025 466 1213 525 manserunt
1244 462 1333 545 prin-

106 569 192 652 cipes
216 567 318 632 nostri
342 567 466 631 artibus
490 567 635 631 honestis
660 567 774 631 eximie
798 567 958 633 faventes:
986 573 1019 633 et
1041 569 1126 632 inter
1147 572 1197 632 tot
1220 569 1332 632 ruinas

39 737 45 743 .
106 680 138 740 01
169 674 371 741 calamitates
404 677 513 739 tamen
547 674 671 738 semina
706 674 793 739 iacta
826 680 902 741 sunt
935 675 1058 739 fructus
1090 675 1241 738 laetiores
1275 675 1332 738 ali-

106 783 235 868 quando
256 781 379 846 datura.
416 780 565 846 Profecto
584 804 636 846 res
654 782 814 846 humanas
834 804 954 846 numen
972 781 1145 866 providens
1164 803 1201 846 ac
1220 782 1333 866 benig·

104 911 183 979 num
206 892 297 954 curat
319 892 352 953 et
374 871 548 973 gubernat,
576 889 661 974 quod
685 889 771 953 bona
794 910 811 952 0
835 889 943 967 malis,
967 910 1004 952 ex
1028 889 1167 972 pernicie
1193 889 1332 953 beatitu-

105 996 228 1079 dinem,
262 1017 301 1061 ex
329 995 481 1059 servitute
513 995 695 1060 libertatem
724 996 850 1060 afferat:
883 998 920 1059 ut
950 1015 1086 1080 regnum
1113 995 1333 1077 Borussicum,

105 1103 191 1188 quod
218 1101 382 1186 tyrannidi
411 1101 533 1165 alienae
561 1101 680 1165 servire
708 1106 854 1168 coactum
884 1106 966 1186 erat,
996 1101 1150 1167 Friderici
1178 1101 1332 1166 Guilelmi

105 1210 250 1275 consiliis
265 1230 397 1293 prorsus
412 1207 528 1272 divinis
543 1208 577 1272 in
595 1210 775 1293 potentiam
794 1211 963 1295 pristinam
978 1210 1163 1274 restitutum
1177 1208 1333 1272 videmus.

104 1315 193 1382 Idem
222 1338 297 1382 vero
326 1338 392 1381 non
424 1317 528 1380 solum
557 1315 640 1379 vires
669 1316 797 1401 imperii
823 1321 856 1381 et
886 1339 1048 1382 armorum
1078 1315 1215 1401 gloriam
1243 1336 1333 1380 rccu-

102 1428 234 1508 peratas
262 1424 345 1507 vult,
379 1445 487 1487 rerum
517 1422 629 1505 etiam,
663 1423 748 1508 quod
780 1424 881 1488 multo
911 1424 1015 1488 maius
1049 1427 1110 1502 est,
1142 1423 1330 1488 felicitatem

104 1532 221 1596 civium
254 1530 472 1594 fundamentis
505 1529 607 1593 firmis
639 1533 857 1614 superstruere
890 1535 1038 1613 conatur,
1071 1552 1169 1614 quum
1198 1531 1331 1615 populo,

105 1639 196 1703 cuius
224 1638 319 1701 fidem
347 1637 381 1700 in
408 1637 558 1721 periculis
587 1637 653 1701 suis
680 1637 767 1701 haud
795 1637 951 1702 minorem
981 1659 1077 1722 quam
1102 1637 1255 1701 Albertus
1281 1637 1331 1700 in-

105 1745 203 1828 venit,
226 1744 316 1809 cuius
340 1744 498 1808 utilitates
520 1765 540 1806 a
562 1743 628 1807 suis
652 1766 717 1808 non
741 1745 903 1808 seiunctas
926 1744 1087 1829 perspicit,
1110 1743 1181 1807 iura
1203 1743 1331 1828 legibus

105 1850 331 1917 constituenda
358 1850 530 1914 concedere
557 1850 708 1933 intendit,
740 1872 838 1935 quum
871 1872 977 1915 rerum
1010 1850 1190 1914 divinarum
1219 1872 1331 1914 curam

104 1959 248 2042 suscipit,
268 1979 366 2042 quum
382 1960 467 2021 artes
485 1960 517 2020 et
536 1958 698 2022 doctrinas
717 1958 911 2024 liberalitate
931 1979 1056 2022 summa
1074 1957 1170 2040 foret,
1189 1957 1331 2022 maiores

104 2088 180 2131 suos
200 2063 390 2130 aemulando
409 2086 475 2127 non
495 2086 676 2149 exaequans
697 2064 753 2129 sed
777 2088 941 2150 superans.
978 2063 1062 2128 Nam
1085 2070 1122 2129 ut
1144 2063 1177 2126 in
1193 2062 1330 2128 Alberto

105 2174 172 2238 solo
202 2194 288 2236 nunc
317 2171 506 2253 consistam,
535 2172 623 2235 cuius
651 2170 899 2254 humanitatem,
932 2172 1138 2255 modestiam,
1165 2170 1331 2255 pietatem,

103 2278 341 2361 fortitudinem,
370 2278 503 2342 virtutes
533 2284 655 2343 ceteras
684 2301 756 2343 cum
785 2278 942 2362 dignitate
969 2283 1001 2343 et
1029 2279 1197 2342 maiestate
1222 2276 1331 2359 refert,

104 2386 175 2470 quis
204 2406 270 2450 nou
298 2385 466 2470 intelligit,
495 2388 651 2470 quantum
679 2384 770 2448 illum
798 2387 874 2468 post
901 2406 935 2448 se
961 2385 1140 2469 reliquerit,
1168 2406 1267 2468 quum
1295 2384 1329 2447 iu

103 2493 164 2557 hac
192 2493 271 2556 urbe
299 2497 332 2557 et
359 2493 393 2557 in
420 2494 472 2558 his
500 2491 630 2557 aedibus
661 2490 805 2556 scholam
839 2494 985 2556 nostram
1016 2492 1118 2556 multo
1146 2491 1332 2555 institueret

104 2599 373 2685 magnificentius,
387 2603 482 2684 atque
492 2600 649 2680 apparatu
660 2600 693 2661 et
705 2598 904 2681 supellectile
914 2597 1139 2681 copiosissima
1147 2597 1330 2675 instrueret,

104 2727 171 2770 non
193 2707 289 2771 rebus
312 2706 501 2772 florentibus
525 2707 557 2766 et
578 2703 712 2787 imperio
736 2704 939 2788 confirmato,
968 2705 1023 2769 sed
1045 2705 1190 2788 labante,
1215 2704 1330 2786 fracto,

104 2813 284 2879 imminuto.
337 2811 436 2878 Cuius
463 2809 611 2875 beneficii
638 2810 721 2897 Regi
748 2811 998 2875 elementissimo
1032 2812 1154 2895 gratias
1184 2830 1331 2896 agamus,

104 2921 348 3003 commilitones,
371 2941 434 2983 non
459 2917 565 2981 verbis
589 2917 759 2982 artificiose
782 2917 886 3001 factis,
912 2916 967 2982 sed
990 2917 1176 2983 innocentia
1199 2921 1233 2981 et
1256 2939 1329 2982 san-

104 3027 216 3093 ctitate
240 3050 292 3107 ea,
319 3047 414 3110 quam
439 3025 474 3088 111
497 3024 569 3108 ipso
593 3046 795 3108 veneramur,
819 3025 874 3089 sed
898 3025 1068 3091 concordia
1091 3029 1124 3089 et
1147 3024 1330 3090 obedientia

104 3134 230 3218 legibus
244 3131 440 3214 praestanda
454 3131 693 3216 commodisque
706 3132 844 3217 publicis
860 3133 970 3197 sedulo
986 3131 1188 3197 adiuvandis:
1206 3133 1328 3217 gratias

105 3260 240 3325 agamus
268 3236 337 3303 Deo
366 3236 496 3322 Optimo
524 3239 681 3319 Maximo,
713 3240 798 3326 quod
827 3241 903 3305 huic
930 3240 999 3325 regi
1028 3239 1173 3304 habenas
1201 3239 1328 3323 imperii

104 3345 309 3428 commiserit,
332 3346 387 3429 qui
410 3349 443 3409 et
466 3346 565 3410 armis
588 3347 671 3411 tueri
691 3351 723 3410 et
745 3347 903 3411 institutis
929 3347 1125 3410 salutaribus
1148 3350 1328 3430 temperare

103 3474 171 3516 rem
190 3452 353 3535 publicam
368 3452 481 3537 possit,
500 3453 555 3536 qui
573 3453 726 3537 privatim
741 3453 864 3518 civibus
884 3453 927 3517 sit
945 3452 1127 3536 exemplum
1147 3453 1329 3537 probitatis,

104 3559 231 3641 publice
262 3563 355 3643 pater
387 3560 512 3644 patriae
544 3561 694 3644 optimus.
748 3559 915 3625 Postremo
947 3564 1022 3624 vota
1053 3561 1107 3643 pia
1137 3559 1178 3623 ad
1209 3581 1328 3623 numen

104 3687 264 3730 summum
289 3666 467 3752 dirigimus,
490 3665 736 3730 utFridericum
752 3666 947 3732 Guilelmum
972 3689 1044 3731 cum
1068 3667 1164 3730 domo
1178 3665 1329 3751 Augusta

103 3773 256 3837 universa
282 3778 426 3857 praestet
452 3772 659 3856 incolumem,
688 3778 721 3837 et
749 3774 899 3858 quoniam
928 3774 997 3838 sine
1026 3795 1085 3857 ope
1114 3773 1222 3838 divina
1248 3773 1327 3838 nihil

104 3883 190 3943 reete
209 3880 278 3964 geri
301 3884 418 3963 potest,
441 3883 477 3944 ut
496 3901 587 3944 curas
607 3881 694 3945 illius
713 3881 987 3966 cogitationesque
1007 3903 1118 3945 omnes
1136 3881 1328 3963 moderetur,

104 3985 240 4070 denique
263 3991 300 4050 ut
327 4008 439 4070 pacem
463 3986 533 4051 orbi
557 3987 715 4051 redditam
739 3987 905 4051 confirmet
931 3991 1027 4071 atque
1050 3988 1083 4050 in
1108 3987 1246 4050 salutem
1270 4009 1328 4051 no-

108 4094 209 4157 stram
234 4097 402 4157 conservet
424 4113 520 4177 quarn
544 4093 731 4160 diutissime.

597 4362 833 4372 ..---—..-—...-
