2760 4868
555 151 752 232 -3-“

35 329 152 396 dicitur
195 328 323 414 publice
359 331 392 394 et
427 331 557 394 coactus
596 348 634 392 ex
671 327 820 392 undecim
858 326 999 410 chordis,
1040 348 1122 411 quae
1159 328 1269 413 plures

37 441 161 522 septem
189 439 311 519 essent,
339 436 532 520 rescindere,
559 438 597 499 ut
624 435 729 519 quivis
757 434 804 499 rei
832 433 979 516 publicae
1003 434 1175 499 severitate
1199 457 1268 519 spe·

39 548 128 610 cteta
160 547 360 608 revereretur
391 540 543 626 Spartam
574 542 693 607 inferre
726 542 899 627 quidquam
931 541 1154 624 inhonestum,
1191 563 1271 606 neve

37 672 182 736 unquam
210 649 421 714 certaminum
449 649 646 713 musicorum
674 649 918 713 imminueretur
940 647 1045 713 decus.
1090 647 1129 711 In
1153 669 1217 733 quo
1242 648 1269 712 si

37 780 168 824 scaevos
198 757 298 822 fuisse
325 755 597 821 Lacedaemonios
620 755 720 839 dices,
748 756 863 820 saltem
891 755 953 821 hoc
975 759 1099 839 teneas,
1128 755 1270 819 musicae

37 865 252 950 peritissimos
286 863 371 948 apud
404 867 541 945 veteres,
574 867 607 927 et
639 863 673 927 in
705 862 745 927 iis
778 861 973 945 Dionysium
1004 861 1270 927 Halicarnassen-

38 994 103 1037 sem
142 993 179 1036 ac
212 970 420 1035 Plutarchum
458 992 477 1034 a
510 969 680 1035 Timotheo
718 969 849 1054 eiusque
888 969 1047 1034 similibus
1086 973 1271 1053 corruptam

38 1079 194 1144 musicam
228 1098 367 1142 censere.
416 1075 499 1152 Quid
532 1096 607 1141 vero
642 1075 727 1160 qnod
760 1097 801 1140 ne
829 1075 1005 1141 Homerum
1039 1076 1168 1160 quidem
1202 1076 1271 1141 sine

40 1185 288 1272 reprehensione
325 1184 492 1248 dimissum
525 1206 545 1247 a
576 1180 745 1266 Spartanis
777 1186 919 1266 constat,
955 1183 1040 1267 quod
1072 1183 1173 1247 vitam
1206 1203 1272 1246 non

40 1294 210 1375 Doricam,
255 1290 317 1356 hoc
359 1294 410 1355 est
449 1312 580 1375 parcam
621 1291 915 1374 continentemque,
957 1289 1011 1353 sed
1033 1289 1196 1354 luxuriae
1237 1311 1273 1354 ac

38 1399 259 1486 nequitiarum
291 1397 421 1481 plenam
455 1395 598 1462 lonicam
629 1396 830 1460 imitaretur?
863 1395 1134 1478 adstipulantibus
1162 1397 1213 1461 vel
1240 1396 1273 1459 in

39 1507 101 1571 hac
136 1504 254 1570 summi
287 1504 409 1587 ingenii
436 1503 672 1587 vituperatione
699 1501 777 1566 viris
804 1505 837 1566 et
862 1501 974 1585 probis
1001 1506 1034 1566 et
1062 1503 1275 1587 sapientibus,

45 1613 235 1698 Pythagora
263 1609 384 1693 Samio,
411 1609 611 1695 Xenophane
638 1607 855 1693 Colophonio,
882 1608 1047 1674 Heraclito
1070 1609 1213 1693 Ephesio
1241 1612 1274 1673 et

40 1721 169 1786 divinae
197 1718 313 1783 mentis
336 1717 532 1802 philosopho
557 1716 707 1782 Platone:
737 1721 863 1781 utnon
887 1716 1006 1780 iniuria
1029 1715 1273 1781 Lacedaemonii

41 1826 220 1911 sapientiae
252 1825 489 1890 vetustissimae
523 1825 670 1888 auctores
704 1826 737 1887 et
768 1826 993 1907 praeceptores
1027 1846 1046 1888 a
1080 1823 1273 1906 quibusdam

40 1933 204 2018 perhiberi
231 1931 408 1996 videantur.
453 1930 584 2026 Tyrtaei
611 1933 719 1994 autem
749 1930 959 2014 carminibus,
989 1931 1122 1995 bellicae
1145 1930 1273 1995 virtutis

41 2039 196 2123 stimulis,
230 2060 295 2103 non
329 2039 433 2102 solum
461 2041 498 2102 ut
526 2036 712 2101 embateriis
740 2036 914 2102 utebantur
947 2038 987 2102 ad
1018 2057 1163 2122 pugnam
1191 2038 1275 2103 ince

41 2147 166 2229 dentes,
194 2166 306 2210 verum
336 2166 374 2209 ee
396 2144 495 2208 etiam
519 2142 687 2208 incastris
710 2146 786 2226 post
808 2165 943 2209 coenam
967 2146 1089 2231 singuli
1113 2145 1276 2209 canebant

42 2252 199 2319 certatim.

133 2358 196 2426 Sed
218 2379 405 2425 revocemus
428 2379 489 2423 nos
512 2380 532 2423 a
554 2358 650 2423 rebus
673 2356 916 2443 Spartanorum,
940 2359 1057 2444 quibus
1080 2380 1132 2423 me
1156 2359 1276 2424 diutius

42 2466 251 2532 immoratum
290 2464 396 2544 video,
433 2467 466 2528 et
502 2465 719 2548 exspatiemur
755 2466 791 2530 in
823 2466 976 2532 laetiores
1008 2465 1275 2551 iucundioresque

43 2573 172 2639 Atticae
197 2571 386 2636 eruditionis
411 2592 555 2655 campos,
588 2571 644 2636 ubi
666 2576 775 2655 natas,
804 2573 903 2657 altas,
930 2571 1090 2657 perfectas
1119 2572 1275 2637 liberalis-

44 2681 142 2745 simas
171 2682 258 2744 artes
286 2678 509 2762 conspicimus.
561 2677 649 2754 Quos
679 2701 777 2764 quum
806 2679 933 2765 ingredi
961 2679 1084 2764 cogito,
1111 2681 1144 2743 et
1170 2679 1276 2744 vobis-

44 2809 117 2852 cum
151 2787 186 2851 in
213 2787 253 2850 iis
281 2785 370 2850 velut
397 2787 432 2849 in
459 2786 563 2850 hortis
591 2786 763 2871 diligenter
790 2787 925 2852 consitis
954 2785 1178 2869 obambulare,
1211 2808 1277 2851 non

45 2916 96 2958 me
121 2894 214 2971 latet,
244 2892 423 2956 sitantum
447 2896 480 2956 et
500 2896 568 2955 tam
591 2892 699 2957 nobile
724 2898 950 2978 argumentum
973 2893 1122 2977 persequi
1145 2893 1276 2957 uberius

44 3021 117 3065 mea
144 2999 270 3064 ratione
294 3002 327 3063 et
349 2997 496 3063 oratione
519 2999 647 3080 vellem,
673 3021 741 3065 non
764 3001 933 3085 exaequari
957 3023 977 3064 a
999 3022 1050 3064 me
1074 2998 1167 3064 dictis
1190 2998 1278 3064 facta

44 3127 154 3191 posse,
189 3110 221 3170 et
252 3105 352 3188 probe
383 3104 545 3191 intelligo,
576 3127 643 3171 non
676 3107 780 3172 solum
811 3109 964 3174 materiae
993 3107 1119 3190 copiam
1147 3106 1276 3189 inopem

45 3235 96 3279 me
123 3210 257 3284 ¹consilii
289 3211 499 3294 reddituram,
533 3211 680 3296 diemque
712 3213 801 3297 prius
835 3214 1033 3279 defecturum
1062 3234 1147 3295 csse,
1180 3233 1277 3297 quam

46 3340 163 3405 operae
198 3319 337 3402 pretium
370 3318 530 3403 fecissem,
567 3319 623 3384 sed
656 3320 753 3384 etiam
786 3322 958 3387 verendum
991 3320 1074 3402 fore,
1110 3341 1156 3384 ne
1185 3319 1277 3384 vobis

46 3426 189 3492 taedium
217 3428 341 3490 crearet
366 3445 474 3490 rerum
501 3427 744 3492 notissimarum
771 3429 973 3493 infructuosa
998 3427 1277 3493 commemoratio:

44 3533 230 3627 idcircoque
263 3532 342 3597 mihi
375 3536 407 3597 et
438 3554 499 3616 par
530 3534 656 3598 videtur
688 3539 721 3598 et
753 3536 854 3600 tutius
882 3534 992 3619 paucis
1021 3532 1153 3619 defungi
1182 3534 1216 3597 in
1244 3557 1278 3599 re

47 3639 213 3722 eiusmodi,
235 3640 268 3704 in
292 3660 356 3723 qua
379 3642 417 3703 ut
439 3638 538 3704 fueris
562 3640 699 3725 longior,
723 3643 832 3705 tamen
851 3663 918 3706 non
938 3642 1074 3705 multum
1094 3640 1279 3724 profeceris.

49 3745 154 3832 Igitur
176 3745 380 3811 Athenarum
408 3746 547 3810 indolem
571 3746 627 3811 ubi
651 3747 832 3830 oppositam
857 3745 992 3831 Spartae
1016 3747 1150 3812 adversa
1173 3747 1280 3812 fronte

49 3852 134 3937 dico,
167 3853 233 3917 sive
262 3853 309 3916 rei
335 3853 485 3937 publicae
512 3853 651 3918 formam
679 3856 712 3917 et
738 3853 902 3938 instituta,
930 3853 996 3919 sive
1024 3853 1143 3918 civium
1171 3854 1280 3919 condi-

49 3959 187 4044 cionem,
210 3959 330 4025 victum
354 3960 539 4046 cultumque
563 3961 749 4026 universum
773 3965 893 4045 specto,
916 3983 935 4025 a
958 3981 1033 4025 vero
1057 3981 1123 4024 non
1146 3981 1280 4045 magno·

48 4088 124 4151 pere
158 4066 307 4131 aberrare
339 4066 420 4131 mibi
451 4067 569 4133 videor.
619 4066 749 4131 Etenim
782 4065 894 4132 Ionica
926 4088 1019 4153 gens,
1052 4088 1147 4150 quae,
1180 4089 1280 4150 quum

48 4173 160 4238 littora
188 4171 403 4257 Peloponnesi
437 4173 704 4257 septentrionalia
737 4172 815 4237 olim
847 4173 1041 4257 habitasset,
1062 4196 1099 4238 a
1132 4176 1280 4259 cognatis

50 4279 179 4344 Atticae
213 4300 288 4344 orae
318 4280 431 4344 incolis
458 4283 588 4364 recepta
615 4279 713 4343 Asiae
743 4279 879 4344 minoris
905 4281 976 4345 loca
1003 4280 1166 4343 maritima
1194 4281 1281 4347 insu·

48 4384 163 4470 lasque
190 4386 347 4471 plurimas
376 4379 520 4470 posthac
541 4385 724 4470 occupavit,
754 4388 791 4449 ut
817 4386 889 4469 ipso
918 4387 1028 4451 sedum
1057 4385 1182 4450 delectu
1210 4387 1282 4471 hoc,

32 4489 169 4568 agrium
191 4493 352 4573 appulsur'
373 4496 408 4558 et
429 4496 637 4559 mercaturae
661 4493 1029 4579 opportunissimarum,
1052 4493 1172 4557 mnam
1191 4493 1286 4557 illam
