2760 4868
572 216 785 283 „51..

58 374 214 454 potuerat,
242 373 421 458 cupiditati
444 376 615 460 impotenti
635 372 735 463 usquc
755 379 893 463 obstitit,
917 381 973 446 sed
996 383 1093 447 etiam
1113 383 1292 472 Pontificis,

60 478 109 562 qui
127 478 193 542 sibi
212 477 281 544 Dei
304 481 410 567 ipsius
428 482 596 548 videbatur
613 483 761 569 vicarius,
784 486 882 571 fregit
900 487 1078 573 imperium,
1103 494 1135 555 et
1153 513 1292 577 magnae

60 593 139 676 parti
177 595 326 679 primum
363 587 570 676 Germaniae,
606 613 681 656 mox
714 592 863 678 Europae
900 616 992 658 suam
1030 597 1122 680 quasi
1158 599 1292 684 inspira-

61 701 103 763 vit
123 701 288 783 animam,
317 718 489 782 rerumque
517 697 661 762 omnium
689 697 805 763 faciem
833 701 1024 766 immutavit.
1071 703 1129 768 Ille
1157 708 1291 792 cunetis,

62 807 111 892 qui
134 808 260 872 mentis
280 806 405 871 viribus
430 827 510 889 opus
534 803 668 868 arduum
688 806 873 891 moliantur,
897 809 1077 892 exemplum
1101 811 1290 878 admirabile

64 915 189 979 virtutis
223 913 402 999 pervicacis
439 912 622 996 proposuit,
659 912 744 996 quod
782 914 808 977 si
846 916 1053 1000 spectaverit,
1090 919 1161 1002 quis
1198 924 1291 985 tanta

63 1021 289 1106 magnitudine
321 1042 390 1086 non
422 1022 675 1102 commoveatur,
706 1021 892 1105 nullamque
921 1022 949 1085 ei
978 1026 1134 1107 statuam,
1166 1026 1290 1091 nullam

63 1129 248 1193 columnam
272 1128 373 1193 statui
398 1147 490 1211 posse
514 1125 696 1209 arbitretur,
720 1148 801 1210 quae
820 1150 926 1193 rerum
946 1129 987 1193 ab
1011 1131 1082 1214 ipso
1106 1132 1290 1198 effectarum

64 1234 270 1320 amplitudini
294 1239 327 1299 et
349 1232 506 1298 fructibus
530 1231 744 1317 respondeat?
773 1234 845 1318 quis
871 1239 936 1320 est,
965 1237 1113 1321 obsec'm,
1142 1240 1219 1322 quin
1242 1241 1289 1304 in-

64 1342 198 1428 telligat,
223 1342 332 1406 animo
352 1339 428 1404 forti
451 1339 534 1403 nihil
557 1361 623 1404 non
648 1362 717 1405 esse
737 1341 892 1424 pervium,
915 1364 1018 1428 neque
1042 1345 1110 1409 eius
1133 1346 1289 1429 impetum

63 1449 243 1513 terroribus
272 1446 426 1513 obsoletis
453 1446 584 1530 reprimi
617 1451 673 1511 aut
700 1448 819 1533 frangi,
852 1449 907 1513 sed
939 1450 1178 1534 impedimentis
1207 1454 1288 1538 ipsis

65 1556 169 1640 magis
192 1556 315 1621 firmari
338 1560 372 1620 et
396 1552 529 1638 augeri?
573 1550 658 1618 Nam
685 1577 723 1618 ex
747 1578 811 1639 quo
835 1555 994 1622 Lutherus
1018 1559 1168 1641 periculis
1193 1559 1290 1623 obiici

63 1665 196 1747 coeptus
231 1668 264 1728 et
290 1663 463 1727 damnatus
495 1664 556 1744 est,
589 1661 706 1726 certius
738 1664 772 1727 in
804 1663 915 1727 amicis
943 1665 1137 1748 praesidium
1166 1665 1289 1744 habuit,

65 1792 161 1853 quum
186 1771 349 1854 principes
373 1768 509 1852 aliquot,
537 1768 644 1852 plures
668 1769 855 1854 optimates,
878 1773 1016 1854 populns
1039 1793 1141 1856 prope
1164 1772 1288 1836 univer·

65 1899 116 1940 sus
139 1877 373 1961 intelligerent,
394 1896 460 1938 non
478 1875 572 1938 unius
594 1874 668 1958 viri,
691 1876 746 1939 sed
771 1874 1004 1941 Germanorum
1027 1901 1096 1943 rem
1120 1879 1187 1963 agi,
1211 1901 1290 1962 quo·

64 2005 131 2046 mm
156 1983 273 2047 illese
301 1981 471 2047 commodo
499 1984 612 2045 natum
639 1981 817 2045 rectissime
840 1983 1060 2069 praedicabat3
1090 1985 1289 2070 quandoqui-

64 2089 131 2154 dem
167 2088 323 2154 adversus
350 2087 547 2172 pontificiam
576 2086 829 2151 dominationem
860 2092 1023 2153 certamen
1050 2112 1107 2174 pro
1141 2092 1289 2155 libertate

63 2196 250 2260 instituerat
277 2195 305 2259 si
331 2216 398 2259 non
431 2193 549 2277 maius,
580 2197 665 2257 certe
693 2193 901 2279 fructuosius,
934 2217 1030 2279 quam
1059 2196 1143 2281 quod
1176 2202 1289 2263 nostro

66 2303 192 2368 saeculo
218 2301 425 2367 Germaniam
449 2300 490 2364 ab
513 2299 650 2383 imperio
674 2299 837 2365 Gallorum
862 2302 1051 2368 vindicavit:
1074 2326 1133 2369 neo
1156 2304 1289 2369 dubium

65 2416 112 2474 est
135 2411 216 2494 quin
240 2430 326 2473 nova
350 2407 496 2472 doctrina
513 2407 653 2490 patriam
677 2407 859 2472 universam
880 2408 978 2473 fuerit
1000 2415 1202 2494 occupatura,
1226 2411 1289 2474 uisi

64 2517 172 2581 multis
195 2517 231 2581 in
256 2515 336 2580 locis
359 2515 444 2579 ferro
473 2535 511 2578 ao
533 2514 672 2578 flammis
701 2518 787 2578 esset
814 2516 848 2577 in
871 2514 1019 2580 homines
1046 2517 1117 2600 pios
1145 2519 1288 2582 animad-

63 2644 197 2686 versum.
234 2621 391 2685 Attamen
413 2620 447 2684 in
469 2620 531 2685 hoc
554 2625 643 2685 aetas
667 2620 724 2684 illa
746 2621 909 2704 excelluit,
933 2622 1017 2705 quod
1042 2624 1142 2707 siquis
1166 2625 1200 2688 in
1224 2625 1289 2688 alia

63 2730 195 2794 civitate
228 2728 368 2793 afflictus
401 2729 498 2808 esset,
530 2725 684 2810 effugium
716 2727 748 2790 in
782 2727 845 2790 alia
877 2728 1023 2811 patebat:
1059 2751 1121 2812 quo
1155 2730 1288 2794 libertas

64 2835 146 2899 insta
168 2834 360 2900 confirmata
383 2836 552 2917 astatque
575 2832 607 2897 id
633 2834 791 2917 effectum,
818 2838 855 2898 ut
876 2834 1038 2918 principes
1062 2836 1169 2899 minus
1193 2836 1289 2900 aude·

63 2948 145 3021 rent,
178 2963 275 3027 quam
308 2962 401 3026 reges
428 2940 527 3005 Asiae
555 2960 664 3005 socors
693 2941 777 3006 inter
805 2963 914 3006 servos
941 2941 1113 3024 imperium
1140 2965 1288 3007 exercen-

63 3054 117 3114 tes.
173 3047 265 3124 Quae
301 3068 353 3111 res
385 3050 540 3130 quantum
572 3046 714 3112 Luthero
751 3048 922 3131 profuerit,
960 3069 1054 3112 nemo
1091 3072 1157 3114 non
1193 3050 1289 3116 videt

63 3155 193 3220 Etenim
217 3155 260 3238 si,
286 3165 325 3219 ut
346 3176 418 3218 mea
440 3154 550 3238 opinio
573 3154 651 3236 fert,
674 3159 769 3219 tanta
793 3177 899 3219 rerum
924 3156 1090 3222 conversio
1114 3158 1223 3241 perfici
1247 3159 1288 3223 ab

21 3304 26 3315 ·
63 3261 193 3326 bomine
212 3261 385 3325 summisso
405 3263 438 3324 et
455 3260 569 3324 humili
589 3265 645 3324 aut
663 3265 760 3325 nutus
779 3264 948 3345 potentum
966 3261 1079 3327 timide
1103 3268 1288 3348 aspectante

62 3390 127 3432 non
150 3368 273 3453 potuit3
303 3368 331 3432 si
354 3367 474 3432 ferocia
496 3368 635 3451 quadam
660 3391 741 3453 opus
765 3368 840 3452 fuit,
868 3390 965 3452 qnam
989 3369 1024 3433 in
1047 3368 1189 3437 Luthero
1214 3395 1287 3438 eon-

62 3480 127 3539 stat
149 3478 278 3539 tantam
302 3474 412 3558 fuisse,
433 3478 472 3538 ut
495 3475 565 3540 Deo
590 3498 624 3541 se
646 3477 719 3560 plus
744 3498 878 3540 censens
902 3499 998 3561 quam
1022 3480 1214 3543 mortalibus
1238 3480 1287 3544 vel

61 3581 253 3646 diadematis
286 3581 362 3646 dare
398 3581 527 3666 debere,
563 3605 604 3647 ne
636 3584 767 3668 regibus
800 3583 927 3666 quidem
961 3589 1119 3669 parceret,
1156 3592 1189 3649 et
1224 3587 1288 3669 ipsi

61 3688 238 3753 Friderico·
256 3686 416 3772 Sapienti,
449 3689 585 3773 principi
617 3691 648 3754 in
684 3691 778 3755 rebus
812 3691 910 3754 sacris
944 3691 1111 3755 minimum
1145 3692 1206 3755 sibi
1239 3716 1287 3756 ar-

61 3797 205 3880 roganti,
243 3795 298 3859 sed
336 3799 451 3859 cuncta
483 3794 549 3860 fere
586 3797 626 3860 ad
660 3797 772 3861 doctos
808 3796 993 3880 theologos,
1030 3821 1127 3882 quum
1164 3802 1287 3864 ceteros

61 3912 128 3968 tum
154 3903 339 3967 academiae
362 3902 606 3987 Vitebergensis
629 3904 821 3986 remittenti,
843 3926 909 3967 non
932 3904 966 3967 in
991 3905 1140 3968 omnibus
1165 3906 1287 3969 obtem·

61 4014 203 4093 peraret:
236 4009 382 4093 profecto
410 4010 466 4074 illc
495 4011 583 4093 prius
612 4033 783 4095 oppressus
813 4014 911 4094 esset,
943 4033 1040 4094 quam
1070 4035 1184 4096 operae
1219 4037 1287 4097 pre-

60 4118 140 4180 tium
166 4116 309 4199 fecisset,
337 4117 364 4180 si
393 4118 523 4202 gravius
547 4118 719 4183 liberiusve
743 4118 863 4182 dictum
893 4118 1029 4200 quodvis
1058 4119 1217 4184 malitiose
1241 4144 1287 4185 cs-

61 4228 109 4286 set
136 4224 173 4286 in
202 4223 406 4288 maiestatem
434 4247 572 4289 versum.
617 4226 661 4290 Et
683 4227 813 4289 fuerunt
842 4247 919 4289 sane
952 4248 989 4290 ac
1018 4229 1093 4289 sunt
1119 4227 1287 4311 hodieque,

61 4331 115 4413 qui
143 4329 287 4393 Luthero
321 4330 453 4415 eiusque
480 4331 668 4415 disciplinae
698 4332 884 4396 seditiosum
912 4332 1064 4416 quiddam
1094 4333 1287 4398 effinxerint.

62 4437 185 4511 Quibus
218 4435 296 4520 quid
328 4436 508 4521 displiceat,
545 4439 713 4523 perspicio.
768 4438 892 4523 Nempe
929 4439 1009 4503 istos
1043 4441 1171 4524 pungit,
1204 4441 1287 4524 quod

61 4543 212 4609 dominos
236 4543 306 4628 ille,
333 4566 374 4608 ne
402 4527 564 4609 subiectos
588 4544 787 4630 divexarent,
816 4548 892 4611 stilo
916 4546 1024 4631 paullo
1053 4547 1205 4630 rigidiora
1234 4546 1287 4609 ad-

1098 4650 1133 4708 Α)
