2760 4868
547 162 761 226 ..55-

43 326 227 411 nuperrime
250 325 390 408 benigne
412 323 505 387 datas
529 344 599 387 sese
623 320 866 406 religiosissime
890 321 1086 406 obstringat,
1113 325 1211 405 atque
1234 326 1271 386 ut

44 434 143 519 Regis
172 433 299 517 optimi,
326 434 363 496 ut
389 430 503 495 domus
527 429 646 515 regiae,
677 432 713 492 ut
740 429 868 513 imperii
895 427 1061 494 Borussici
1088 428 1188 493 saluti
1215 428 1269 492 ad-

45 540 102 606 dat
128 536 393 624 perpetuitatem,
425 559 584 602 summum
614 558 734 599 numen
760 557 854 620 prece
886 535 1127 620 impensissima
1154 535 1270 618 implo-

44 647 139 713 rabie
184 644 268 710 Dixi.

621 1185 689 1272 VI.

109 1358 237 1432 Oratio
265 1356 449 1429 nataliciis
478 1354 654 1428 Friderici
683 1353 859 1427 Guilelmi
886 1355 948 1426 lli.
979 1354 1208 1429 celebrandis

268 1482 300 1555 d.
328 1502 375 1558 111.
404 1505 452 1556 m.
479 1480 573 1576 Aug.
600 1503 633 1551 a.
661 1498 884 1556 uncccxvm.
915 1478 1052 1555 habita.

580 1674 739 1682 ----—-—-

134 1814 331 1880 Recurrente
363 1813 425 1878 hoc
458 1813 508 1877 die
546 1814 773 1898 exoptatisimo
809 1814 889 1878 mihi
922 1822 955 1882 ct
987 1818 1091 1903 vobis,
1112 1821 1275 1905 omnibus,

46 1924 105 1990 viri
130 1921 404 2006 excellentissimi,
431 1921 586 2005 illustres,
615 1921 777 2006 generosi,
801 1921 941 2007 collegae
965 1925 1164 2010 gravissimi,
1187 1949 1275 1991 corn-

46 2030 211 2096 militoncs
234 2029 392 2112 imprimis
421 2029 499 2113 cari,
527 2028 609 2093 nulli
632 2028 729 2094 huius
756 2029 848 2113 regni
873 2030 996 2095 civitati
1021 2054 1118 2115 quam
1142 2037 1275 2099 nostrae

46 2136 265 2202 doctrinarum
289 2134 419 2200 scholae
442 2135 568 2221 gratius
592 2135 734 2200 accidere
758 2138 881 2218 potest,
909 2138 994 2222 quod
1017 2137 1070 2203 hic
1094 2138 1160 2204 dies
1184 2145 1275 2206 totus

46 2242 257 2308 sollemnibus
290 2241 359 2305 dari
392 2245 424 2305 et
452 2240 552 2307 dicari
584 2242 680 2325 solet,
714 2242 830 2325 quibus
858 2241 980 2328 Regem
1011 2246 1275 2328 potentissimum

46 2349 140 2415 nobis
168 2348 322 2413 divinitus
346 2348 503 2413 donatum
531 2371 659 2414 summa
685 2370 757 2413 cum
786 2348 911 2414 laetitia
938 2351 1149 2438 celebremus,
1176 2354 1276 2418 bene-

45 2457 119 2522 ficia
147 2457 188 2521 ab
217 2455 274 2520 illo
303 2456 349 2521 rei
372 2455 520 2539 publicae
549 2454 665 2520 collata
687 2455 922 2540 praedicemus,
949 2463 1113 2541 postremo
1136 2461 1190 2544 pia
1214 2483 1276 2543 pro

45 2564 133 2628 illius
162 2563 266 2627 salute
294 2565 328 2626 et
354 2561 464 2626 futuro
492 2562 626 2645 imperio
655 2565 732 2626 vota
760 2563 985 2647 suscipiamus:
1014 2566 1091 2650 quia
1118 2566 1275 2632 universi-

46 2676 97 2736 tas
120 2673 233 2736 nostra
256 2670 437 2734 litterarum
464 2669 551 2733 illius
580 2669 828 2753 sapientissimis
852 2671 997 2735 consiliis
1021 2677 1096 2736 ante
1120 2678 1193 2739 octo
1218 2698 1275 2740 an-

45 2800 104 2843 nos
129 2777 271 2861 condita,
300 2779 336 2841 ut
363 2798 458 2861 saepe
487 2779 597 2860 antea,
625 2776 671 2841 sic
698 2776 761 2842 hoc
783 2778 991 2860 potissimum
1019 2800 1118 2859 anno,
1147 2803 1276 2848 summa

45 2884 154 2969 regiae
188 2883 415 2969 benignitatis,
447 2881 698 2965 munificentiae,
735 2882 880 2948 lenitatis
913 2883 1105 2950 documenta
1141 2895 1275 2973 experta

46 2994 104 3055 est.
143 2990 274 3054 Etenim
298 3010 339 3053 ne
362 2990 489 3053 minora
511 3008 771 3071 commemorem,
794 3011 990 3073 quamquam
1013 2990 1048 3054 in
1070 2990 1122 3056 his
1146 3015 1275 3080 quoque

44 3096 130 3161 haud
159 3096 256 3160 dubia
284 3094 527 3162 benevolentias
554 3093 750 3178 significatio
778 3094 876 3179 inest,
904 3096 1118 3180 quisquamne
1147 3097 1274 3166 dubita-

45 3203 105 3287 bit,
135 3203 213 3287 quin
240 3202 380 3287 insignis
402 3202 482 3266 haec
505 3201 604 3286 Regis
628 3201 734 3285 gratia
762 3201 874 3286 fuerit,
903 3201 988 3286 quod
1011 3201 1158 3270 doctores
1187 3229 1274 3273 conr-

44 3309 153 3394 plures
177 3309 379 3374 universitati
405 3310 536 3374 nostrae
566 3307 666 3372 additi
695 3307 877 3392 nuperrime
908 3313 998 3394 sunt,
1031 3310 1118 3394 iique
1150 3315 1272 3397 partim

44 3438 83 3481 ex
106 3416 178 3480 aliis
206 3417 378 3481 academiis
406 3416 469 3481 huc
501 3414 621 3498 vocati,
654 3418 691 3480 ut
722 3435 856 3480 munera
884 3438 950 3481 non
979 3418 1049 3482 sine
1077 3439 1184 3484 rerum
1216 3444 1273 3487 no·

45 3528 185 3588 strarum
221 3522 414 3587 detrimento
452 3544 553 3587 vacua
590 3522 805 3607 occuparent?
844 3524 928 3608 quod
967 3524 1117 3589 instituta
1151 3532 1274 3611 nostra,

44 3629 169 3694 medica
186 3629 384 3713 praesertim,
406 3628 468 3694 hoc
492 3629 564 3713 ipso
584 3651 670 3694 anno
689 3634 785 3694 aucta
806 3633 838 3694 et
857 3630 1047 3695 confirmata
1065 3632 1162 3696 sunt?
1188 3637 1274 3718 quod

43 3736 169 3822 legibus
189 3736 352 3820 superiore
371 3757 457 3800 anno
476 3735 690 3820 promulgatis
710 3734 779 3801 Rex
799 3736 1058 3820 sapientissimus
1076 3737 1166 3821 hacc,
1191 3764 1274 3825 quae

43 3865 129 3908 nunc
151 3843 291 3928 primum
320 3842 576 3926 conspiciuntur,
605 3846 745 3926 sceptra,
772 3844 946 3927 potestatis
969 3847 1100 3909 nostrae
1129 3845 1274 3933 insignia

45 3948 245 4033 amplissima
267 3952 300 4014 et
323 3946 596 4033 splendidissima,
634 3971 761 4014 summa
793 3972 865 4016 curn
898 3951 1095 4017 liberalitate
1127 3952 1273 4020 addidit?

42 4055 113 4120 lam
144 4077 219 4120 vero
252 4078 352 4142 quum
383 4055 436 4120 hio
469 4076 572 4120 annus
604 4057 650 4120 rei
682 4055 830 4140 publicae
863 4078 961 4140 quum
998 4058 1167 4124 universae
1201 4064 1271 4127 tum

44 4163 183 4229 maxime
206 4163 382 4229 litterariae
405 4162 583 4227 mutatione
606 4163 828 4229 ministrorum
851 4164 1023 4250 regiorum,
1047 4165 1101 4249 qui
1125 4188 1271 4232 summae

44 4291 151 4333 rerum
174 4270 352 4355 praepositi
376 4273 466 4354 sunt,
494 4270 713 4335 memorabilis
736 4271 846 4356 fuerit,
877 4273 948 4356 quis
979 4275 1029 4336 est
1052 4271 1130 4357 quin
1155 4272 1274 4338 intelli·

44 4379 114 4463 gat,
145 4375 221 4441 huic
252 4376 456 4441 universitati
484 4377 607 4462 Regem
640 4377 761 4463 optime
793 4378 1008 4463 consuluisse,
1041 4379 1140 4464 quod,
1174 4403 1274 4465 quum

44 4481 99 4548 ille
126 4483 221 4549 nobis
249 4484 438 4568 eriperetur,
466 4482 521 4569 qui
549 4487 600 4550 tot
625 4505 684 4569 per
712 4507 814 4551 annos
843 4508 893 4551 res
920 4489 1051 4554 nostras
1080 4487 1174 4571 bene,
1202 4486 1273 4554 dili·
