2760 4868
611 173 829 236 ...44-

103 335 240 397 raretur.
290 330 440 397 Calendis
472 331 578 415 iuliis,
612 331 692 417 ipsis
724 331 883 415 Principis
915 333 1093 416 natalibus,
1131 331 1330 396 academiam

105 438 357 503 Fridericiauam
381 461 470 503 more
498 439 631 524 antiquo
655 438 836 503 dedicatum
864 439 904 503 iri
932 439 1035 505 edicto
1058 439 1170 524 lingua
1192 444 1331 523 unaque

106 546 274 629 proposito
298 546 499 631 divulgatum
523 551 585 630 est,
613 546 730 610 additis
754 546 873 631 causis,
901 569 982 632 quae
1005 546 1185 630 Principem
1210 545 1252 609 ad
1274 567 1330 610 no-

105 674 179 716 vam
208 653 333 717 artibus
361 654 468 718 sedem
501 653 705 718 statuendam
738 653 954 737 impulissent,
986 654 1111 738 locique
1143 654 1330 737 opportuni·

105 763 173 824 tate
197 761 435 825 commendata:
459 760 595 826 Ordines
618 760 869 846 Magdeburgici,
892 783 1029 845 quorum
1052 760 1187 844 posthac
1212 760 1330 825 eximia

106 866 140 930 in
170 867 282 931 schola
314 872 346 931 et
378 868 554 932 dedicanda
585 872 618 932 et
650 866 868 932 conservanda
899 866 1077 932 liberalitas
1107 868 1180 951 fuit,
1213 868 1330 933 litteris

107 973 326 1058 singularibus
360 975 531 1040 admoniti:
565 978 688 1039 ceterae
720 974 946 1038 universitates
977 971 1283 1061 Brandenburgicae
1312 1000 1331 1040 a

107 1078 253 1145 Concilio
281 1081 501 1164 professorum
528 1082 698 1165 invitatae,
729 1085 766 1145 ut
793 1080 959 1144 mitterent
987 1080 1042 1165 qui
1069 1079 1229 1146 conditori
1258 1103 1330 1167 gra-

105 1190 265 1272 tarentur,
299 1188 427 1252 scholae
454 1210 565 1253 recens
593 1191 690 1251 natae
717 1188 798 1252 bene
825 1191 1041 1270 precarentur.
1090 1187 1191 1254 Porta
1217 1191 1329 1254 trium-

105 1294 212 1377 phalis
232 1317 251 1358 a
271 1294 424 1359 studiosis
443 1298 615 1379 exstructa,
639 1297 754 1359 ornatu
779 1294 929 1378 eleganti,
953 1316 1024 1358 cum
1047 1296 1172 1379 statuis,
1195 1296 1330 1382 insigni·

106 1401 181 1484 bus,
207 1401 343 1484 tabulis,
369 1402 643 1485 inscriptionibus.
689 1401 750 1465 Die
773 1402 1065 1486 appropinquante,
1094 1403 1331 1469 confluentibus

106 1507 247 1592 undique
271 1509 475 1573 sollemnium
499 1509 734 1592 spectatoribus
757 1508 972 1592 testibusque,
998 1529 1036 1571 ex
1058 1509 1173 1573 vicinis
1193 1509 1331 1574 maxime

108 1613 295 1698 academiis,
318 1616 487 1698 praemissi
511 1637 549 1679 ex
573 1616 659 1700 aula,
688 1616 742 1700 qui
767 1619 958 1700 apparatum
982 1618 1015 1679 et
1037 1637 1190 1699 pompam
1213 1616 1331 1681 milita-

106 1742 175 1784 rem
198 1721 404 1786 instruerent.
443 1721 526 1786 Tum
544 1721 687 1787 Electori
710 1744 775 1787 una
798 1744 870 1787 cum
891 1721 1077 1786 lectissimis
1101 1723 1331 1807 ministrorum,

107 1850 146 1891 ex
176 1828 291 1912 quibus
314 1827 449 1893 Paulum
472 1828 658 1913 Fuchsium,
687 1832 848 1894 oratorem
870 1828 1045 1912 Principis,
1072 1828 1276 1913 Ludolphum
1300 1836 1333 1896 et

106 1934 307 1998 Everardum
325 1934 599 2020 Dankelmannos,
623 1938 655 2001 et
676 1936 805 2021 insigne
828 1935 907 2000 illud
930 1934 1109 2000 litterarum
1133 1937 1229 2002 decus
1252 1938 1331 2002 Eae-

108 2049 241 2113 chielem
266 2043 496 2127 Spanhemium
519 2043 665 2125 nomino,
689 2045 815 2107 etcum
839 2041 1014 2107 Ordinibus
1037 2044 1223 2125 provinciae
1247 2046 1332 2110 inter

108 2155 191 2219 aeris
222 2152 370 2237 campani
399 2150 523 2215 sonitus
552 2153 584 2213 et
613 2153 848 2214 tormentorum
876 2146 1096 2234 Magdeburgo
1126 2152 1333 2217 advectorum

107 2261 252 2325 tonitrua
270 2259 473 2342 musicosque
492 2260 664 2323 concentus
680 2255 848 2338 splendido
868 2257 995 2341 agmine
1014 2258 1127 2323 urbem
1146 2258 1332 2343 ingressuro

108 2368 237 2433 obviam
264 2368 396 2431 fuerunt
428 2365 589 2449 equitatus
617 2363 769 2427 iuvenum
797 2363 955 2427 nobilium
988 2364 1115 2429 circiter
1142 2369 1271 2429 centum
1301 2370 1334 2431 et

108 2474 353 2560 quinquaginta,
377 2472 498 2536 strictis
523 2469 647 2555 gladiis,
670 2472 720 2552 ut,
743 2490 824 2553 quae
848 2466 979 2533 Oellarii
1002 2471 1101 2535 verba
1124 2475 1209 2555 sunt,
1232 2495 1332 2558 aeque

108 2605 142 2646 se
167 2604 186 2645 a
209 2580 323 2645 Martis
347 2602 443 2665 quam
468 2579 508 2643 ab
534 2576 695 2660 Apollinis
720 2576 891 2659 disciplina
912 2581 1045 2660 paratos
1074 2579 1334 2665 comprobarent,

66 2732 82 2759 2
108 2693 141 2754 et
164 2688 362 2772 professores
386 2709 458 2751 cum
483 2683 604 2749 Senatu
631 2684 756 2748 urbano
780 2704 817 2747 ac
841 2683 1071 2749 sacerdotibus.
1116 2685 1177 2777 Ilia
1206 2689 1334 2772 gaudiis

107 2799 236 2880 peracto
260 2798 293 2859 et
311 2817 376 2859 nox
394 2792 537 2858 laetitiae
561 2791 637 2855 data
655 2789 877 2874 Principisque
896 2791 1105 2876 venerationi,
1128 2793 1334 2877 symphonia-

107 2904 154 2967 cis
178 2902 385 2968 concentibus
409 2899 550 2966 Electori
575 2902 608 2962 et
630 2897 782 2981 Philippo
807 2896 966 2962 Guilelmo
990 2898 1083 2963 fratri
1107 2900 1220 2964 ductis.
1266 2899 1334 2965 Pri-

108 3033 180 3074 mus
209 3009 284 3074 lulii
312 3008 380 3072 dies
409 3010 479 3070 erat
507 3005 702 3070 dominicus:
735 3026 860 3069 summo
887 3027 982 3070 mane
1015 3027 1107 3070 sacra
1137 3007 1171 3070 in
1203 3009 1335 3092 templis

107 3121 251 3202 peracta,
276 3119 390 3200 postea
413 3135 524 3179 omnes
549 3111 732 3196 spectaculo
756 3111 882 3175 intenti.
922 3111 968 3177 Et
989 3113 1071 3178 hora
1092 3135 1180 3178 nona
1203 3114 1336 3180 Elector

107 3248 145 3288 ex
169 3223 292 3308 palatio
315 3223 350 3286 in
374 3220 544 3304 collegium
573 3217 756 3282 academiae
783 3221 893 3284 vectus
922 3219 1030 3303 ibique
1054 3241 1073 3283 a
1095 3221 1333 3304 professoribus

107 3334 260 3415 exceptus
279 3333 342 3393 est:
366 3327 440 3391 inde
462 3326 620 3391 classibus
640 3326 748 3391 decem
767 3326 975 3391 distributum
994 3347 1112 3411 agmen
1131 3326 1335 3413 immensum,

108 3437 222 3501 eximie
258 3434 640 3521 magnificentissimeque
682 3434 887 3515 instructum,
928 3431 1065 3496 totidem
1102 3436 1334 3516 praeeuntibus

108 3543 372 3608 caduceatoribus
396 3541 531 3605 duarum
553 3541 706 3604 horarum
730 3540 835 3625 spatio
864 3539 897 3602 in
919 3540 1080 3624 templum
1110 3541 1194 3605 arcis
1219 3540 1334 3607 deduc-

107 3655 177 3714 tum
205 3654 268 3733 est;
302 3649 416 3714 cohors
445 3647 584 3710 militum
612 3670 632 3711 a
658 3647 779 3710 fronte:
811 3646 876 3708 alia
908 3667 1025 3731 agmen
1054 3647 1234 3713 claudebat.
1284 3648 1335 3712 Ibi

109 3757 267 3822 dedicatio
286 3759 425 3840 peracta,
449 3753 610 3818 assidente
634 3753 668 3816 in
687 3752 842 3817 tribunali
866 3753 1074 3819 ornatissimo
1092 3755 1242 3819 Electore
1262 3778 1333 3820 curn

107 3863 207 3928 fratre
231 3868 263 3928 et
290 3860 447 3928 ministris
475 3861 567 3925 aulae
590 3860 765 3945 primariis,
793 3860 1030 3944 comitibusque
1057 3863 1202 3947 insignia
1224 3868 1334 3948 porta-

108 3971 191 4035 turis
220 3993 257 4035 ac
280 3969 516 4054 professoribus
541 3967 653 4032 decore
676 3967 802 4032 amictis
831 3988 1006 4052 eorumque
1030 3968 1230 4034 ductoribus:
1257 3974 1336 4052 post

109 4100 201 4144 sacra
229 4100 248 4141 a
275 4077 464 4141 Beniamine
491 4073 625 4159 Ursino,
654 4075 882 4140 concionatore
910 4073 1071 4159 Principis
1099 4077 1187 4139 facta
1214 4074 1334 4140 Paulus

107 4184 265 4249 Fuchsius
285 4185 431 4248 oratione
445 4181 585 4247 facunda
603 4182 689 4246 inter
707 4182 788 4246 ritus
808 4182 925 4265 varios,
944 4182 1162 4264 afferentibus,
1181 4170 1218 4244 ut
1237 4203 1334 4264 quae·

109 4313 170 4376 qua
203 4290 437 4374 postulaverat,
474 4290 616 4374 insignia
654 4290 840 4374 comitibus,
878 4288 1075 4354 academiam
1113 4287 1335 4371 inauguravit,

108 4398 331 4463 Prorectorem
364 4398 398 4461 in
431 4396 617 4461 cathedram
649 4400 797 4461 vocatum
825 4418 969 4481 purpura
1000 4394 1106 4459 induit
1135 4395 1334 4478 sceptrisque

109 4506 250 4592 ornavit,
272 4504 465 4592 privilegiis,
488 4503 646 4592 clavibus,
669 4504 757 4589 albo,
780 4503 898 4593 sigillis
920 4502 1063 4587 traditis,
1086 4501 1334 4588 insignibusque
