2760 4868
602 205 797 268 ,3-

74 362 198 446 singuli
228 368 306 426 sunt
329 361 497 426 doctiores
520 363 701 448 mentisque
724 364 792 428 acie
816 368 849 427 et
871 385 968 429 sensu
992 367 1172 450 elegantiae
1195 365 1313 428 instru-

75 468 211 545 ctiores,
244 490 283 532 eo
312 469 443 533 acutius
473 469 550 533 vitia
577 471 611 534 in
640 470 765 536 dicente
800 473 1059 536 animadvertant
1092 493 1222 537 neccsse
1256 475 1314 537 est.

78 574 251 640 Postremo
282 599 355 660 ros,
385 579 637 664 commilitones,
665 600 785 663 magno
814 601 948 644 nurnero
975 579 1108 662 adestis,
1138 579 1254 665 quibus
1278 582 1315 643 ut

79 683 202 767 aliquid
232 685 312 747 utile
342 685 382 747 ad
412 684 591 749 doctrinam
622 708 781 768 enarrem,
809 688 893 750 ratio
921 691 1105 751 nostrarum
1129 704 1235 751 rerum
1259 708 1313 771 po·

80 791 202 854 stularc
236 791 378 871 videtur,
409 792 541 856 oratorii
570 814 646 856 vero
675 794 802 876 generis
831 795 1031 878 popularitas
1060 815 1155 879 aegre
1184 797 1314 878 patitur.

82 896 230 981 Denique
264 919 331 961 non
364 919 469 961 meam
504 919 564 982 ego
595 919 766 981 personam
796 901 939 964 sustineo
968 924 1045 965 sane
1073 926 1168 987 quam
1196 905 1314 970 levem:

82 1002 222 1069 Senatus
252 1008 363 1089 partes
393 1024 456 1089 ago
481 1006 578 1089 longe
602 1005 823 1089 gravissimas,
852 1007 905 1090 qui
930 1030 980 1071 me
1004 1031 1156 1075 sensuum
1184 1034 1314 1076 suorum

83 1110 209 1194 publice
232 1111 447 1196 interpretem
470 1113 653 1196 coustituit;
682 1112 766 1197 quod
791 1113 867 1177 fecit
889 1135 948 1196 pro
972 1114 1129 1200 benigna,
1156 1141 1252 1203 quam
1276 1120 1315 1183 de

83 1239 132 1281 mc
152 1218 316 1301 concepit,
340 1218 502 1302 opinione,
525 1240 591 1283 non
615 1241 674 1303 pro
698 1240 770 1283 mea
794 1219 958 1284 modestia.
1004 1221 1093 1287 Haec
1118 1246 1216 1309 quum
1240 1247 1315 1290 con-

85 1324 200 1402 sidero,
224 1325 387 1408 quomodo
412 1347 462 1390 me
486 1325 663 1389 animatum
687 1326 832 1409 putatis?
878 1325 960 1402 Quid
984 1348 1044 1413 ego
1067 1330 1228 1413 proferam
1253 1331 1315 1397 diei

86 1430 187 1514 ipsius
232 1432 436 1514 celebritate,
482 1432 577 1496 huius
619 1431 680 1495 loei
724 1431 947 1515 amplitudine,
993 1433 1108 1500 horum
1150 1438 1317 1503 hominum

88 1539 369 1603 amatissimornm
394 1559 546 1603 consessu
569 1538 842 1623 frequentissimo,
866 1540 1004 1626 denique
1027 1543 1156 1628 collegii
1180 1544 1317 1609 celeber-

88 1644 172 1728 rimi,
205 1645 291 1730 quod
328 1668 380 1710 me
410 1648 570 1710 oratorem
599 1644 693 1729 legit,
728 1646 920 1711 auctoritate
951 1648 1059 1733 aliqua
1087 1672 1125 1715 en
1153 1656 1245 1735 parte
1273 1652 1318 1716 di-

88 1753 210 1838 gnum?
260 1752 396 1837 Audite,
428 1751 504 1837 quid
537 1756 738 1817 commentus
770 1753 840 1817 sim.
892 1752 954 1829 Qui
985 1778 1082 1840 quum
1113 1757 1316 1842 desperarem

89 1858 155 1922 fieri
182 1881 294 1943 posse,
321 1859 424 1923 ullum
453 1861 490 1923 ut
518 1862 744 1944 argumentum
771 1881 843 1923 mea
866 1859 1034 1945 diligentia
1056 1864 1103 1928 ita
1126 1868 1316 1930 exornatum

90 1965 268 2048 redderem,
293 1970 329 2031 ut
353 1988 419 2031 non
442 1966 546 2031 solum
570 1987 637 2049 res,
660 1987 771 2031 verum
794 1966 893 2031 etiam
916 1967 1081 2051 ingenium
1105 1970 1240 2035 dicentis
1264 1995 1317 2037 vo-

90 2072 137 2137 bis
160 2074 373 2158 probaretur,
396 2093 455 2137 nec
478 2072 585 2137 minus
609 2095 628 2136 a
651 2072 810 2158 dignitate
834 2077 956 2157 uestra,
979 2074 1020 2138 ab
1043 2075 1094 2140 his
1118 2080 1317 2163 temporibus

88 2180 132 2243 rei
160 2180 324 2264 publicae,
357 2179 495 2243 maxime
522 2200 597 2244 vero
626 2202 647 2244 a
672 2178 772 2264 Regis
800 2180 917 2263 nostri,
951 2181 1002 2244 cui
1029 2181 1082 2247 hic
1110 2184 1177 2250 dies
1207 2208 1317 2251 conse·

90 2292 195 2351 matus
227 2289 292 2370 est,
326 2287 484 2371 gravitate
516 2286 674 2371 singulari
702 2286 808 2351 aliena
835 2285 1020 2352 viderentur
1047 2291 1201 2356 orationis
1228 2294 1317 2358 leno·

90 2394 171 2458 cinia
198 2397 232 2458 et
262 2393 363 2458 verba
391 2393 482 2479 quasi
510 2392 703 2458 calamistris
731 2393 851 2457 inusta:
880 2396 1048 2460 materiam
1076 2397 1181 2483 delegi
1208 2403 1241 2464 et
1262 2422 1317 2466 no·

90 2500 163 2564 stris
192 2500 291 2566 rebus
320 2505 354 2566 et
381 2501 495 2566 studiis
518 2501 599 2566 meis
628 2501 847 2578 coniunctam,
877 2519 958 2588 quae
981 2526 1041 2569 sua
1064 2526 1133 2569 sese
1157 2506 1317 2590 gravitate

90 2607 331 2672 commendaret
367 2608 489 2692 potius,
526 2630 622 2692 quam
660 2608 760 2672 ullam
799 2610 866 2672 sive
899 2613 1001 2676 artem
1034 2612 1101 2677 sive
1133 2610 1317 2677 facundiam

89 2734 191 2789 meam
225 2714 413 2798 requireret.
468 2713 638 2780 Exhibebo
671 2717 778 2779 autem
813 2715 904 2780 vobis
937 2716 1086 2800 duarum,
1121 2741 1202 2802 quae
1234 2720 1319 2784 inter

91 2818 229 2884 Graecas
258 2820 460 2886 clarissimae
490 2825 597 2906 erant,
625 2822 803 2886 ciuitatium
833 2822 989 2908 imagines
1012 2824 1125 2906 primis
1149 2825 1242 2890 lineis
1265 2827 1317 2891 dc·

90 2927 241 3011 scriptas:
269 2936 407 3010 quarum
436 2929 535 2992 altera
564 2929 776 3013 prudentibus
804 2928 964 2994 institutis
992 2933 1026 2993 et
1047 2931 1174 3016 legibus
1197 2937 1317 3017 tempe-

89 3037 159 3098 rata
185 3033 260 3117 fuit,
298 3033 354 3097 scd
381 3035 548 3100 alitteris
577 3037 673 3118 atque
702 3035 880 3100 eruditione
909 3035 1099 3121 elegantiori
1126 3038 1317 3123 longissimo

89 3140 260 3205 intervallo
289 3140 447 3224 seposita,
476 3141 578 3206 altera
606 3142 737 3225 optimis
766 3142 947 3229 quibusque
977 3144 1101 3208 artibus
1128 3147 1317 3212 nonmodo

92 3246 200 3312 floruit
226 3247 314 3330 ipsa,
342 3248 395 3312 sed
426 3248 534 3312 orbem
562 3251 718 3312 terrarum
742 3249 926 3315 universum
949 3251 1081 3335 imbuit,
1108 3252 1319 3336 collustravit,

90 3357 297 3418 mansuetum
318 3352 539 3440 domitumque
558 3355 648 3418 fecit:
673 3355 790 3439 quibus
808 3357 894 3421 inter
913 3379 947 3421 se
966 3359 1153 3441 compositis
1172 3381 1209 3424 ac
1233 3382 1316 3425 com·

89 3461 225 3543 paratis,
258 3464 334 3524 utra
366 3460 527 3526 efficacior
559 3463 656 3527 fuerit
682 3461 723 3525 ad
751 3463 955 3528 formandam
982 3464 1231 3548 humanitatem,
1264 3467 1319 3550 qui

90 3567 123 3630 in
160 3567 296 3632 calculis
335 3567 549 3633 subducendis
585 3570 737 3650 haesitet,
774 3591 868 3634 nemo
900 3571 1090 3637 invenietur.
1144 3572 1230 3649 Quas
1264 3573 1318 3638 ubi

90 3695 323 3758 commemoro,
355 3675 426 3758 quis
460 3679 509 3739 est
541 3676 619 3759 quin
647 3675 822 3761 intelligat,
855 3677 1005 3761 Spartam
1033 3701 1084 3742 me
1111 3679 1319 3765 Athenasque

91 3780 207 3863 dicere,
238 3780 420 3865 Apollineis
443 3782 535 3846 illam
558 3782 683 3866 legibus
708 3780 849 3868 Lycurgi
873 3785 1049 3850 stabilitam
1073 3785 1236 3869 divinituS,
1259 3786 1318 3851 has

92 3885 220 3953 Solonis
239 3888 405 3954 ordinatas
427 3889 586 3953 institutis
612 3888 812 3954 liberalibus:
837 3891 1042 3957 nobilitatam
1061 3897 1230 3975 utramque
1250 3912 1318 3955 rem

91 3995 253 4078 publicam
281 3998 350 4060 tum
379 4000 493 4081 suopte
521 3995 692 4078 splendore
721 4018 758 4060 ac
787 3998 1022 4083 magnitudine,
1050 4003 1119 4062 tum
1149 3998 1316 4063 clarisve·

91 4104 196 4166 terum
225 4102 419 4185 scriptorum
447 4101 601 4187 ingeniis,
631 4102 684 4186 qui
714 4106 824 4186 gestas
850 4105 891 4168 ab
915 4106 955 4169 iis
979 4106 1107 4190 egregie
1132 4126 1182 4168 res
1207 4105 1319 4168 obscu-

92 4230 143 4274 ras
178 4230 249 4274 esse
279 4230 346 4273 non
378 4209 588 4292 paterentur?
642 4208 736 4272 Hanc
768 4208 930 4294 Spartam,
968 4211 1053 4297 quod
1086 4211 1189 4291 aiunt,
1228 4211 1319 4275 ador-

91 4315 196 4400 nanti,
230 4319 267 4379 ut
298 4315 338 4378 de
372 4315 554 4380 civitatibus
583 4316 633 4380 his
663 4316 820 4401 quaedam
848 4318 1034 4383 summatim
1062 4319 1231 4401 disseram,
1264 4315 1318 4379 tri-

92 4421 179 4488 buite
207 4422 271 4488 hoc
298 4422 393 4505 mihi,
421 4422 596 4506 auditores,
623 4428 661 4488 ut
688 4424 844 4488 orationis
868 4446 958 4488 meae
982 4446 1092 4489 cursus
1116 4447 1195 4489 aura
1217 4421 1317 4487 facili·

94 4531 173 4595 tatis
192 4533 321 4595 vestrae
340 4528 515 4594 adiuvetur.
561 4528 730 4614 Equidem,
752 4530 808 4594 ubi
827 4528 976 4614 Spartam
1001 4531 1177 4615 considero,
1200 4529 1320 4595 nullam

1071 4635 1109 4690 ss
