2760 4868
582 169 800 235 ..55-

75 332 320 416 proposuimus,
349 332 470 396 liberae
498 330 563 395 sint
589 349 720 393 necesse
748 332 806 391 est.
850 327 1048 392 Libertatem
1078 348 1153 390 vero
1179 329 1308 391 constat

74 460 144 503 esse
167 439 347 523 duplicem,
376 416 510 502 tlteram
535 436 600 500 fere
629 435 764 500 minoris
792 435 901 519 pretii,
929 456 1012 520 quae
1038 434 1073 497 in
1096 434 1235 498 externis
1258 455 1306 497 re-

75 547 134 611 bus
158 550 321 629 versatur,
351 545 487 610 alteram
512 544 611 628 louge
640 542 806 627 maiorem,
835 565 932 629 quam
958 540 1014 605 ubi
1042 541 1229 606 interiorem
1253 562 1307 605 vou

75 653 212 731 caveris,
252 674 311 717 suo
349 652 481 736 proprio
518 651 648 715 nomine
686 650 867 734 appellaris.
922 647 1035 733 Neque
1071 652 1180 712 tamen
1217 648 1307 731 prius

76 760 237 825 libertatis
270 781 375 844 genus
403 760 438 823 in
466 781 503 823 eo
536 779 670 842 quaero,
703 761 739 821 ut
771 757 929 822 bonarum
957 756 1074 820 artium
1106 755 1233 819 scholae
1266 755 1306 818 ab

78 867 167 931 omni
190 866 347 950 principis
372 866 504 951 eiusque
521 865 773 949 magistratuum
793 864 927 948 imperio
948 864 1105 927 immunes
1125 883 1194 926 sese
1217 861 1306 944 ipsae

78 973 299 1057 moderentur,
330 977 427 1056 atque
456 972 535 1037 adeo
564 971 710 1036 doctores
738 971 884 1055 publicos
913 971 978 1034 suis
1007 969 1167 1053 suffragiis
1196 967 1308 1053 legant

78 1084 111 1143 et
138 1081 357 1146 constituant:
387 1101 468 1163 quae
495 1100 546 1143 res
575 1083 612 1143 ut
634 1081 743 1161 potest
771 1078 942 1161 aliquando
971 1076 1059 1140 utilis
1088 1098 1171 1159 esse,
1199 1077 1225 1139 si
1254 1077 1308 1160 qui

79 1187 242 1273 deligendi
269 1189 467 1271 potestatem
494 1185 628 1262 habeut,
655 1184 768 1268 procul
797 1184 837 1247 ab
866 1185 914 1247 ira
942 1188 974 1247 et
1001 1183 1108 1248 studio
1132 1186 1222 1266 sunt,
1248 1203 1308 1246 nec

79 1295 209 1379 privata
232 1293 403 1359 commoda
425 1315 522 1377 quam
546 1290 675 1375 publica
697 1289 801 1374 magis
826 1292 987 1375 spectant3
1015 1291 1062 1353 ita
1085 1288 1164 1353 mihi
1188 1289 1308 1352 littera-

79 1424 151 1466 rum
181 1400 281 1465 saluti
312 1401 427 1464 melius
460 1399 623 1482 provisum
651 1397 790 1478 videtur,
822 1396 878 1459 ubi
910 1396 1039 1461 scholae
1072 1396 1136 1460 leni
1169 1396 1308 1459 civitatis

82 1508 235 1592 regimini
262 1511 392 1592 parent,
424 1505 509 1592 quod
536 1527 578 1568 ne
606 1504 693 1588 leges
721 1503 895 1586 violentur,
927 1524 968 1566 ne
999 1503 1131 1585 pulchre
1161 1503 1310 1566 instituta

83 1614 232 1679 socordia
262 1614 481 1696 obsolescunt,
512 1633 553 1676 ne
586 1610 670 1695 quod
700 1609 785 1673 aliud
813 1608 1040 1674 detrimentum
1069 1632 1119 1674 res
1153 1610 1311 1675 litteraria

81 1720 195 1804 faeiat,
229 1720 380 1804 prudenti
413 1725 445 1785 et
476 1722 602 1782 attenta
634 1737 710 1778 cura
739 1721 862 1799 caveat,
895 1717 1050 1802 quidquid
1080 1722 1186 1782 autem
1219 1719 1311 1782 disei-

80 1827 245 1910 plinarum
274 1826 380 1891 studio
407 1824 569 1908 conducit,
597 1824 717 1887 maiore
746 1846 818 1889 cum
847 1826 1038 1889 auctoritate
1067 1824 1214 1909 suadeat,
1243 1849 1309 1890 mo-

81 1938 171 2016 ueat,
208 1933 332 2015 iubeat3
369 1933 428 1998 tali
464 1934 597 2018 inquam
633 1931 796 2015 regimini,
834 1932 928 2015 quale
964 1935 1096 1996 nostrae
1133 1933 1310 1997 litterariae

82 2039 287 2103 universitati
316 2039 493 2124 contigisse
521 2039 694 2121 laetamur,
727 2037 812 2122 quod
840 2037 1009 2102 consilium
1037 2039 1071 2102 in
1103 2039 1311 2123 providende,

82 2146 275 2210 industriam
304 2145 338 2209 in
366 2145 504 2230 agendo,
538 2144 733 2208 celeritatem
761 2145 794 2207 in
823 2145 1020 2211 conficiendo
1049 2168 1122 2210 cum
1151 2147 1312 2230 comitate,

82 2252 250 2335 facilitate,
272 2251 496 2316 benevolentia
518 2251 694 2336 coniungit.
732 2249 794 2314 Sed
817 2250 1025 2334 praecipuum
1046 2258 1195 2317 externae
1214 2253 1310 2317 liber-

84 2359 174 2441 tatis,
197 2359 267 2422 sine
292 2380 355 2443 qua
378 2378 419 2421 ne
442 2359 546 2423 maior
565 2359 691 2443 quidem
711 2359 768 2422 illa
787 2360 819 2420 et
841 2356 976 2420 interior
995 2360 1176 2423 conservari
1195 2363 1311 2442 potest,

84 2465 239 2529 indicium
271 2464 335 2529 hoe
366 2463 485 2548 habac,
522 2470 559 2529 ut
589 2486 799 2551 unaquaeque
834 2463 1019 2528 scholarum
1051 2464 1245 2530 universitas
1277 2467 1311 2529 in

84 2572 214 2658 collegii
237 2570 305 2636 sive
328 2570 508 2635 eommunis
532 2570 714 2655 publieique
740 2571 883 2654 corporis
907 2570 1037 2633 modum
1061 2570 1312 2655 administretur,

84 2701 121 2743 ae
140 2658 362 2763 potentissimi
381 2677 534 2761 cuiusque
554 2677 699 2760 arbitrio,
722 2677 858 2760 libidini,
879 2676 1018 2740 invidiae
1038 2682 1186 2760 exempta
1205 2679 1311 2763 legum

84 2792 116 2850 et
142 2784 389 2869 privilegiorum
416 2784 448 2849 vi
477 2784 681 2848 securitatem
712 2783 981 2865 sanctitatemque
1009 2782 1136 2848 habeat.
1182 2784 1221 2848 In
1249 2808 1311 2869 quo

85 2892 192 2956 videte
212 2890 370 2955 maiorum
390 2891 592 2975 sapientiam,
613 2891 666 2975 qui
687 2889 876 2955 eruditionis
896 2888 1022 2954 scholas
1042 2889 1137 2974 plane
1156 2890 1189 2953 in
1209 2891 1312 2954 muni-

86 2999 244 3083 cipiorum
260 2997 400 3081 speeiem
419 2996 639 3079 condiderunt,
657 2996 761 3082 iisque
780 2997 859 3060 duas
878 3018 928 3060 res
946 2997 1102 3060 maximas
1122 2988 1312 3081 tribuerunt,

86 3106 205 3191 quibus
223 3104 407 3168 firmissime
426 3103 649 3188 inniterentur,
671 3102 923 3168 iurisdictionem
942 3103 977 3167 in
997 3125 1071 3167 suos
1090 3106 1123 3166 et
1141 3102 1312 3167 fundorum

86 3211 359 3296 vectigaliumque
386 3210 627 3294 proprietatem.
674 3212 816 3288 Quarum
845 3210 945 3274 altera
974 3210 1009 3272 in
1032 3209 1220 3273 Germaniae
1244 3232 1313 3274 aca-

84 3319 201 3384 demiis
234 3338 335 3401 prope
364 3318 526 3395 omnibus,
560 3322 644 3382 certe
672 3318 726 3402 iis,
759 3340 840 3404 quae
868 3317 902 3380 in
931 3315 1186 3381 Protestantium
1219 3316 1313 3380 terris

85 3431 172 3509 suut,
195 3448 254 3510 per
277 3447 390 3490 omnes
409 3446 514 3489 rerum
535 3423 678 3487 civilium
697 3425 934 3490 vicissitudines
957 3424 1053 3488 variis
1077 3422 1180 3487 modis
1204 3445 1314 3507 quam·

86 3533 134 3596 vis
163 3532 306 3595 limitata
332 3530 451 3614 haesit,
483 3529 567 3614 quod
596 3531 774 3595 eivitatium
804 3536 943 3596 rectores
971 3531 1222 3615 perspiciebant,
1250 3531 1313 3594 alio

85 3638 183 3702 modo
217 3638 302 3702 inter
335 3635 554 3701 adolescentes
587 3636 763 3719 studiosos,
801 3638 864 3701 alio
897 3639 979 3701 inter
1012 3642 1134 3701 eeteros
1168 3637 1314 3701 homines

86 3745 207 3809 iudicia
230 3743 407 3808 exercenda
430 3764 511 3806 esse:
536 3741 600 3805 nisi
624 3742 707 3826 quod
731 3743 765 3805 in
790 3743 901 3824 paucis
925 3744 1002 3807 loeis
1022 3743 1188 3807 Gallorum
1214 3745 1314 3809 domi-

85 3853 177 3916 natio
198 3851 325 3935 aliquot
348 3872 404 3933 per
424 3872 527 3913 annos
548 3852 639 3912 vetus
653 3848 843 3919 institutum
864 3850 1037 3930 expulerat.
1075 3850 1188 3914 Altera
1208 3856 1314 3915 autem

85 3958 164 4023 olim
199 3955 401 4020 conditarum
436 3955 684 4020 universitatum
715 3956 860 4020 doctores
889 3956 987 4018 variis
1015 3957 1144 4041 quidem
1174 3958 1315 4041 negotiis

85 4063 257 4147 implicuit,
282 4084 354 4126 curu
374 4062 491 4125 artium
511 4066 544 4126 et
563 4061 805 4145 disciplinarum
825 4061 1028 4146 diligentiore
1048 4064 1134 4125 cultu
1157 4069 1189 4126 et
1207 4086 1315 4127 recon-

85 4171 205 4235 ditiore
225 4169 412 4253 cognitione
431 4191 544 4252 parum
564 4169 702 4232 fortasse
722 4168 1000 4233 convenientibus:
1022 4168 1076 4231 sed
1091 4173 1126 4231 ut
1141 4170 1316 4250 eeclesiam,

84 4280 131 4343 sic
151 4277 282 4356 scholas
303 4277 331 4339 ei
351 4277 537 4340 coniunctas
557 4274 598 4337 ab
613 4275 750 4338 avaritia
770 4279 801 4337 01
820 4274 994 4356 eupiditate
1011 4275 1150 4338 araxima
1168 4298 1205 4339 ex
1226 4281 1316 4360 parte

84 4390 175 4451 tutas
200 4382 378 4468 praestitit,
405 4404 538 4466 eamque
563 4382 627 4445 illis
651 4382 835 4445 firmitatem
860 4381 1056 4462 conciliavit,
1085 4403 1165 4463 cquae
1190 4383 1315 4444 allicere

85 4498 116 4556 et
142 4494 372 4577 praeceptores
396 4493 429 4552 et
451 4489 626 4571 discipulos
650 4493 774 4572 posset,
804 4510 902 4572 quum
922 4492 1035 4551 eontra
1063 4487 1187 4550 ineerta
1214 4491 1246 4549 et
1272 4486 1316 4546 la·

140 4605 251 4644 llaeclrlril
267 4603 338 4644 (trote.
1087 4598 1102 4644 ὅ
