2760 4868
590 177 842 250 -53-'

80 343 220 428 modum,
248 344 309 409 sed
334 344 441 410 multo
465 345 569 430 magis
592 344 625 410 in
650 345 769 409 civium
793 346 874 410 bene
898 345 1108 411 educatorem
1130 344 1310 430 honestate,

80 450 260 536 prudentia,
292 451 477 517 eruditione
504 451 626 534 positas
660 472 744 535 esse,
778 452 894 536 quibus
923 456 956 517 et
982 452 1091 536 parari
1118 451 1249 517 divitiae
1277 456 1310 517 et

81 561 160 624 recte
184 557 341 623 collocari
365 561 513 641 possent:
535 558 620 641 quod
645 580 744 642 quum
767 557 906 622 Romani
929 559 1164 644 intelligerent,
1191 581 1308 644 pueros

82 664 212 730 Graecis
236 663 431 749 Latinisque
453 664 571 730 litteris
595 665 783 749 artibusque
806 665 995 730 liberalibus
1025 667 1072 731 ita
1094 666 1308 731 instituendos

82 794 220 849 curasse,
250 775 287 836 ut
310 792 431 857 magna
454 793 546 858 seges
570 771 712 837 virorum
740 772 1039 839 sollertissimomm
1061 773 1212 858 variaque
1236 772 1308 838 doc-

83 879 166 944 trina
195 879 431 944 instructorum
455 878 652 963 proveniret,
681 883 776 961 atque
800 879 838 942 in
866 902 930 945 uno
961 881 1062 945 milite
1089 881 1162 965 plus
1190 880 1308 963 reperi·

83 990 165 1050 retur
194 985 393 1069 litterarum,
425 1007 521 1069 quam
554 986 589 1051 in
617 985 741 1050 eunctis
769 984 960 1051 Germaniae
992 987 1173 1070 monachis,
1204 1008 1307 1052 sacer-

82 1092 221 1176 dotibus,
244 1093 405 1177 episcopis
428 1093 462 1157 in
480 1114 580 1156 unum
605 1090 757 1156 collectis.
789 1089 903 1176 Itaque
924 1092 1009 1178 quod
1027 1092 1193 1157 ferendum
1215 1092 1306 1157 nullo

82 1198 173 1264 modo
202 1198 261 1279 sit,
289 1204 324 1263 nt
354 1198 557 1282 respublica
584 1198 749 1281 stipitibus
777 1197 1024 1283 caudicibusque
1053 1201 1179 1283 pareat,
1206 1198 1241 1263 in
1269 1221 1308 1264 ea

82 1305 271 1390 praesertim
300 1305 420 1370 saeculi
443 1305 614 1389 felicitate,
642 1327 706 1389 qua
733 1305 798 1369 iam
823 1305 971 1371 effectum
1000 1307 1056 1386 sit,
1083 1311 1120 1371 ut
1143 1306 1251 1371 decem
1274 1311 1321 1371 et-

83 1418 152 1479 octo
187 1435 350 1477 annorum
383 1412 613 1476 adolescentuli
645 1410 836 1516 eruditiores
870 1414 1002 1478 evadere
1035 1415 1173 1498 possint,
1210 1435 1306 1497 quam

82 1521 133 1605 qui
158 1519 279 1604 viginti
299 1518 349 1583 vel
369 1518 584 1603 quadraginta
607 1540 710 1582 annos
734 1518 810 1583 olim
834 1519 868 1583 in
889 1519 1059 1604 disciplina
1078 1519 1306 1585 coenobiorum

81 1631 134 1690 aut
159 1625 409 1690 universitatum
432 1647 504 1689 cum
526 1647 651 1689 summo
675 1646 801 1689 morum
821 1625 1014 1691 detrimento
1035 1625 1306 1709 consumpserint:

81 1733 186 1798 studia
204 1732 363 1816 liberalia,
380 1735 549 1816 poetarum
569 1732 750 1815 lectionem,
770 1732 924 1797 historiae
944 1736 976 1796 et
993 1733 1177 1818 linguarum
1197 1733 1306 1817 cogni-

81 1842 215 1923 tionem,
248 1838 384 1904 Latinae
417 1837 621 1922 Graecaeque
654 1841 687 1902 et
718 1837 907 1923 Hebraicae,
945 1840 1147 1904 commendat
1179 1838 1305 1922 sapien-

81 1953 141 2032 ter;
165 1947 284 2033 quibus
304 1945 460 2032 neglectis
478 1968 543 2011 non
568 1944 663 2010 modo
686 1944 891 2029 evangelium
916 1946 1022 2011 amitti
1041 1969 1077 2011 ac
1096 1946 1306 2030 pessumdari,

81 2054 133 2119 sed
158 2075 196 2118 eo
221 2073 317 2137 posse
341 2051 514 2135 perveniri,
538 2056 573 2116 ut
596 2074 654 2116 nec
678 2051 794 2116 Latine
816 2074 920 2136 neque
945 2052 1132 2118 Germanice
1155 2053 1305 2138 loquendi

82 2184 117 2226 ac
144 2159 307 2225 scribendi
335 2158 473 2224 facultas
506 2159 654 2243 supersit.
706 2157 797 2234 Quod
832 2158 891 2221 viri
919 2159 1193 2242 providentissimi
1225 2159 1305 2224 iudi-

81 2270 163 2333 cium
187 2267 378 2351 aequalibus
401 2267 521 2331 nostris
550 2267 584 2330 in
612 2264 799 2329 memoriam
828 2267 972 2331 revocari
1000 2287 1038 2330 eo
1065 2265 1170 2349 magis
1198 2288 1305 2329 neces-

81 2376 200 2439 sarium
223 2373 364 2455 videtur,
393 2395 457 2457 quo
480 2375 587 2457 plures
611 2374 724 2436 nostra
747 2373 854 2435 aetate
878 2376 968 2452 sunt,
997 2372 1052 2455 qui
1080 2372 1231 2455 antiquas
1254 2372 1303 2436 lit-

80 2488 164 2546 teras
192 2485 251 2545 aut
278 2481 448 2566 negligant
475 2484 532 2544 aut
558 2482 783 2561 contemnant,
810 2500 869 2542 nec
897 2477 1071 2563 quidquam
1093 2481 1209 2562 putent
1235 2501 1305 2542 esse

81 2587 235 2672 ineptius,
268 2608 367 2670 quam
400 2585 500 2669 siquis
524 2585 639 2650 Latine
672 2585 722 2647 vel
754 2584 841 2649 dieat
873 2585 923 2648 vel
956 2584 1083 2649 scribat.
1129 2584 1304 2649 Enimvero

80 2718 176 2779 qaum
200 2692 376 2775 Lutherus,
408 2691 507 2756 homo
537 2711 609 2754 vere
642 2689 838 2765 Germanus,
870 2688 932 2752 sibi
959 2689 1039 2753 istos
1073 2690 1206 2754 omnino
1238 2711 1305 2753 non

79 2800 209 2886 probari
232 2799 352 2864 diserte
371 2798 567 2882 pronuntiet,
590 2796 645 2880 qui
669 2795 723 2859 uni
746 2798 875 2858 tantum
898 2795 1029 2880 linguae
1053 2800 1206 2860 censeant
1229 2818 1303 2880 ope-

80 2931 146 2972 ram
170 2908 327 2972 dandam:
352 2907 385 2969 in
408 2905 470 2969 hoc
493 2903 657 2968 saeculum
682 2924 793 2966 vereor
812 2924 857 2990 'ne
881 2901 1023 2965 eiusdem
1048 2901 1107 2964 viri
1128 2902 1226 2966 verba
1249 2902 1305 2966 illa

79 3015 273 3101 gravissima
300 3012 390 3077 brevi
418 3034 532 3076 casura
559 3010 640 3093 sint,
668 3009 927 3094 quandoquidem
955 3006 1090 3072 Latinus
1118 3030 1223 3072 sermo
1252 3008 1303 3072 his

79 3122 111 3186 iu
133 3122 229 3186 terris
258 3121 324 3184 iam
352 3141 436 3183 nnnc
463 3119 510 3182 ita
533 3116 720 3194 obsolescit,
748 3119 785 3178 ut
811 3137 911 3198 prope
940 3114 980 3179 ad
1005 3114 1186 3179 barbariem
1215 3114 1303 3179 incli-

77 3228 147 3293 nari
171 3249 288 3293 aevum
317 3226 471 3291 videatur.
516 3223 578 3289 Sed
606 3227 643 3287 ut
670 3224 813 3286 revertar
840 3243 891 3304 eo,
920 3223 1003 3286 unde
1032 3220 1194 3306 digressus
1223 3245 1304 3307 snm,

78 3335 231 3419 quoniam
260 3355 367 3397 rerum
395 3353 558 3397 sacrarum
588 3328 783 3394 correctione
813 3327 986 3411 acciderat,
1014 3329 1050 3391 ut
1077 3327 1303 3392 coenobiorum

78 3443 117 3506 ab
140 3441 196 3525 iis,
219 3439 277 3524 qui
300 3440 345 3504 ibi
369 3440 544 3520 latuerant,
571 3436 755 3500 relictorum
781 3435 955 3498 immensae
979 3455 1055 3517 opes
1079 3433 1148 3497 sine
1171 3431 1302 3498 domino

77 3549 194 3631 essent,
218 3568 259 3610 ne
282 3549 394 3609 tantae
417 3546 528 3629 copiae
549 3545 676 3628 piorum
700 3541 868 3606 hominum
891 3541 1091 3625 benignitate
1114 3539 1192 3605 olim
1216 3542 1302 3624 lega·

77 3658 129 3719 tae
157 3678 178 3720 a
205 3652 406 3738 principibus
435 3652 721 3736 optimatibusque,
755 3649 809 3732 qui
842 3670 895 3712 eas
928 3631 1137 3731 appetebant,
1169 3645 1314 3730 dissipa.

78 3768 200 3845 rentur,
222 3760 325 3844 iisque
347 3759 578 3842 addicerentur,
601 3758 641 3822 ad
660 3779 740 3841 quos
759 3755 890 3819 minime
909 3753 1119 3839 pertinerent:
1143 3752 1301 3817 Lutherus

79 3870 190 3948 voluit,
214 3871 252 3931 ut
271 3867 389 3950 partim
409 3866 577 3951 egentibus
597 3862 767 3928 heredibus
787 3883 907 3945 eorum,
930 3862 985 3945 qui
1003 3862 1076 3925 illas
1096 3860 1302 3943 donaverant,

76 3976 323 4056 restiuerentur,
351 3973 470 4057 partim
498 3973 625 4057 inopiae
654 3970 771 4035 civium
799 3968 1029 4052 sublevandae,
1056 3967 1174 4052 partim
1202 3967 1302 4032 sacris

76 4080 345 4145 administrandis
386 4084 418 4143 et
457 4079 626 4163 praecipue
668 4075 787 4140 scholis
830 4074 1002 4139 condendis
1043 4071 1302 4155 instruendisque

76 4188 333 4252 destinarentur:
357 4207 421 4270 quo
444 4185 525 4249 nihil
549 4183 682 4268 aequius
705 4204 808 4266 neque
831 4181 942 4246 utilius
965 4180 1034 4245 fieri
1059 4182 1195 4263 poterat.
1241 4175 1301 4242 Cui

76 4294 215 4360 consilio
240 4294 268 4357 si
293 4292 441 4357 omnibus
465 4295 497 4356 et
519 4290 598 4356 locis
623 4292 656 4353 et
678 4289 876 4372 temporibus
900 4290 984 4352 esset
1008 4286 1157 4370 religiose
1181 4285 1301 4349 obtem-

75 4408 241 4487 peratum,
264 4401 421 4464 nontam
444 4399 563 4463 multae
588 4396 716 4461 scholae
740 4399 831 4460 tanta
851 4394 1010 4458 tenuitate
1033 4392 1227 4457 laborarent.
1263 4389 1300 4455 Id
