2760 4868
608 199 823 282 -10·-

99 362 223 427 nesciat
250 362 338 426 nulla
366 380 399 425 re
423 382 520 446 quam
547 360 697 426 libertate
725 361 830 445 magis
854 359 897 424 ali
921 363 953 424 et
976 360 1171 444 confirmari,
1195 360 1326 425 servitio

101 473 211 534 autem
234 468 384 534 illiberali
405 471 572 553 tamquam
596 467 704 552 aliqua
727 467 885 551 procellae
909 466 1093 532 calamitate
1113 468 1277 551 prosterni
1296 471 1328 532 et

69 600 72 605 ·
100 575 282 660 exstirpari.
327 574 420 660 Nego
448 575 517 639 fieri
544 575 701 658 potuisse,
728 578 764 638 ut
791 574 825 638 in
855 596 1015 639 summum
1044 575 1231 640 eruditionis
1258 575 1327 638 uni·

101 705 213 748 versae
240 683 411 768 fastigium
437 681 585 746 Athenae
614 683 836 765 ascenderent,
864 685 897 746 et
924 681 1165 766 disciplinarum
1195 680 1327 745 artium-

99 812 161 876 que
193 811 292 874 prope
326 789 471 854 omnium
502 791 666 873 parentes,
699 789 840 853 nutrices
874 792 906 853 et
939 789 1112 874 magistrae
1146 788 1328 872 eraderent,

100 897 164 962 nisi
189 896 331 963 civitatis
354 897 442 981 leges
466 916 567 979 genus
591 895 719 959 vivendi
743 895 874 960 liberius
899 895 1073 960 strictum
1097 895 1327 981 elegantiorem

98 1004 331 1088 laetioremque
370 1001 607 1068 concessissent
643 1003 779 1086 civibus,
816 1024 934 1088 eosque
972 1025 991 1067 a
1028 1002 1170 1067 colendis
1205 1002 1328 1067 artibus

99 1134 165 1177 non
203 1111 298 1176 modo
337 1132 404 1175 non
440 1110 672 1174 deterruissent
708 1109 1037 1176 Lacedaemoniorum
1075 1110 1236 1193 exemplo,
1273 1111 1328 1175 sed

98 1218 227 1283 laudem
256 1239 382 1302 quoque
410 1217 545 1281 multam
574 1216 690 1281 litteris
720 1238 757 1281 ac
785 1217 948 1282 doctrinae
976 1216 1173 1281 tribuissent.
1223 1215 1328 1282 Huius

99 1325 146 1390 rei
170 1328 397 1410 argumentum
420 1324 534 1407 dicam,
558 1325 584 1388 si
609 1323 685 1409 quid
704 1323 806 1408 video,
829 1323 914 1388 haud
934 1324 1198 1388 infirmissimum.
1244 1323 1328 1390 Nam

99 1454 198 1516 quum
227 1432 366 1516 Thespis
397 1431 598 1516 tragoediam
626 1430 765 1496 Athenis
800 1431 959 1515 coepisset
985 1452 1126 1512 movere,
1158 1451 1258 1514 eaque
1286 1432 1327 1496 ob

98 1539 146 1603 rei
173 1539 351 1604 novitatem
379 1539 494 1624 vulgus
523 1538 735 1603 delectaretur
763 1539 916 1622 maxime,
943 1538 1079 1604 necdum
1107 1541 1217 1604 tamen
1241 1538 1327 1603 inter

98 1645 228 1729 publica
255 1646 433 1710 certamina
460 1644 616 1710 eiusmodi
645 1646 814 1711 ederentur
843 1646 922 1729 ludi3
952 1646 1051 1712 Solon
1073 1649 1190 1710 natura
1213 1645 1327 1712 docilis

100 1755 133 1816 et
163 1752 315 1817 audiendi
347 1752 445 1816 etiam
473 1773 571 1817 senex
600 1753 734 1836 cupidus
762 1756 911 1818 narratur
939 1757 1101 1837 spectasse
1130 1752 1325 1837 Thespidem

97 1859 227 1924 fabulas
264 1881 340 1924 suas
373 1863 538 1943 agentem:
575 1865 651 1944 post
682 1861 916 1944 spectationem
949 1878 1024 1926 vero
1057 1859 1255 1945 quaesivisse
1288 1881 1326 1925 ex

97 1965 269 2050 Thespide,
301 1986 422 2029 numne
454 1964 591 2049 puderet
623 1988 731 2031 coram
765 1971 858 2032 coetu
890 1970 981 2032 tauto
1014 1967 1093 2031 talia
1126 1966 1255 2031 mentiri
1289 1988 1327 2031 ac

97 2072 312 2138 comminisci:
341 2071 554 2156 respondente
583 2076 691 2137 autem
717 2076 827 2157 poeta,
856 2073 935 2138 nihil
959 2074 1127 2159 indignum
1152 2096 1222 2139 esse
1246 2074 1326 2138 ludi-

97 2178 158 2243 brii
185 2200 282 2244 causa
305 2179 372 2243 eius
397 2179 524 2264 generis
548 2201 598 2243 res
623 2179 726 2244 dicere
751 2183 846 2265 atque
871 2200 979 2265 agere,
1007 2179 1159 2245 Solonem
1184 2180 1327 2263 produnt

98 2287 204 2351 solum
231 2287 347 2351 baculo
374 2287 608 2369 percutientem
635 2287 845 2352 exclamasse:
873 2286 937 2369 „At
964 2310 1039 2352 vero
1068 2287 1154 2351 haud
1178 2287 1231 2351 diu
1255 2289 1326 2372 erit,

98 2414 197 2477 quum
235 2392 409 2457 ludibrium
439 2392 513 2476 hoc,
551 2393 607 2458 ubi
639 2393 778 2476 primum
810 2393 977 2457 laudatum
1009 2415 1045 2458 ac
1078 2394 1326 2478 comprobatum

97 2499 208 2584 fuerit,
238 2500 272 2564 in
300 2500 492 2565 commercio
519 2500 686 2565 hominum
714 2478 962 2566 inveniemusss'
993 2500 1082 2566 Haec
1110 2502 1251 2565 locutum
1279 2501 1325 2566 fe·

94 2609 172 2670 runt
203 2606 326 2691 priscae
354 2629 392 2672 ac
420 2607 574 2690 simplicis
602 2607 780 2691 sapientiae
809 2612 1000 2691 amatorem,
1033 2608 1088 2693 qui
1116 2613 1227 2672 tamen
1254 2608 1326 2693 ipse

95 2715 193 2796 poeta
219 2716 286 2777 tam
314 2714 462 2799 egregius
490 2714 567 2798 fuit,
596 2719 633 2779 ut
661 2736 727 2779 non
751 2713 869 2779 iniuria
893 2714 931 2778 de
955 2735 992 2778 eo
1016 2712 1135 2779 Critias
1159 2715 1325 2799 praedica·

95 2820 189 2903 verit,
217 2819 280 2883 nisi
307 2820 447 2906 negotiis
475 2820 623 2886 ciuilibus
651 2825 684 2885 et
710 2822 756 2885 rei
784 2822 930 2906 publicae
958 2821 1144 2886 tractationi
1172 2821 1252 2887 hacc
1275 2845 1324 2887 rs·

96 2927 237 2992 misisset
273 2928 394 3010 studia,
434 2950 507 2993 eum
540 2927 673 2993 Homeri
710 2928 848 3014 gloriam
880 2930 1092 3013 aequaturum
1126 2929 1324 2996 carminibus

94 3034 160 3099 suis
193 3035 309 3100 fuisse:
344 3040 440 3121 atque
472 3035 596 3100 addunt
624 3035 692 3119 alii,
723 3035 930 3100 interdictum
958 3036 999 3100 ab
1028 3057 1065 3099 eo
1094 3034 1248 3120 Thespidi
1277 3038 1326 3102 la·

94 3139 244 3206 bolarum
278 3143 404 3207 actione
437 3165 515 3206 esse.
565 3142 635 3207 lam
667 3147 704 3207 ut
730 3142 940 3208 concedamus
968 3142 1053 3207 falsa
1079 3142 1160 3209 haec
1188 3148 1222 3208 et
1248 3165 1323 3209 con·

92 3249 169 3313 ficta
201 3271 285 3331 esse,
323 3249 408 3334 quod
441 3249 623 3314 rationibus
656 3249 742 3314 docti
775 3254 1073 3314 commonstrarunt
1105 3250 1246 3315 abunde:
1281 3272 1324 3315 an

92 3355 230 3440 putatis,
274 3356 378 3441 siquid
417 3356 556 3427 Athenis
599 3356 769 3420 accidisset
806 3355 1004 3439 istiusmodi,
1043 3359 1080 3420 ut
1118 3357 1325 3423 nobilissima

91 3463 277 3548 tragoediae
305 3464 411 3548 poesis
435 3461 563 3528 Solonis
591 3463 662 3547 lege
690 3467 775 3528 esset
798 3464 943 3528 exsulare
967 3464 1069 3548 iussa,
1085 3469 1226 3530 'tantum
1250 3487 1323 3530 eam

92 3590 288 3634 emersuram
311 3569 510 3654 temporibus
533 3571 690 3654 proximis
714 3570 821 3653 fuisse,
844 3575 882 3634 ut
903 3575 1013 3636 ternos
1037 3572 1111 3638 illos
1135 3573 1236 3639 divini
1256 3575 1324 3657 spi-

92 3675 175 3740 ritus
203 3678 351 3743 homiues
380 3677 419 3742 ad
448 3680 551 3741 artem
580 3698 651 3741 eam
681 3677 889 3742 exercendam
913 3679 1079 3761 excitaret,
1107 3684 1144 3742 ut
1167 3678 1324 3765 Aeschyli

93 3782 291 3849 sublimitate
325 3788 358 3849 et
386 3785 627 3869 magnificentia
655 3784 814 3866 stabilita,
846 3783 1014 3868 Sophoclis
1042 3787 1238 3869 perfectione
1267 3788 1323 3852 ab·

93 3890 213 3969 soluta,
241 3889 406 3975 Euripidis
434 3891 595 3975 sapientia
622 3891 785 3956 illustrata
807 3895 906 3975 esset,
933 3895 1124 3977 tantumque
1148 3897 1259 3976 posset
1282 3894 1323 3960 ad
1349 3901 1356 3916 '

92 3996 297 4062 honestatem
325 4001 358 4062 et
385 4019 516 4062 sensum
542 3998 670 4082 pulchri
700 3999 843 4084 rectique
869 3998 1098 4062 formandum?
1144 3997 1206 4064 Sed
1235 4001 1323 4084 quod

91 4103 230 4169 Athenis
262 4126 328 4169 non
362 4104 469 4170 solum
501 4105 623 4170 viribus
658 4106 803 4191 corporis
835 4127 873 4170 ac
896 4106 1079 4188 velocitate,
1112 4110 1149 4170 ut
1179 4106 1214 4171 in
1247 4108 1321 4173 aliis

23 4265 26 4272 .
91 4209 245 4277 Graeciae
268 4211 469 4296 civitatibus,
499 4212 676 4296 parabatur
699 4213 804 4298 gloria
826 4213 1062 4277 immortalitati
1085 4213 1245 4297 proxima,
1270 4237 1323 4279 ve·

90 4338 162 4381 rum
191 4319 323 4384 musicis
353 4318 450 4383 etiam
479 4319 709 4384 certaminibus
733 4319 843 4404 palma
866 4324 936 4384 erat
958 4320 1139 4404 proposita3
1166 4322 1321 4405 quodibi

81 4425 231 4503 tragicae
263 4425 472 4511 comicaeqne
504 4426 631 4491 fabulae
663 4425 698 4489 in
731 4425 814 4490 ludis
844 4427 1053 4491 sollemnibus
1081 4428 1210 4493 Baccho
1240 4430 1321 4495 actis

78 4528 195 4602 ''rptu
228 4528 367 4610 rirgerrti
398 4533 699 4599 committebantur
733 4533 878 4621 publice:
915 4534 1072 4620 praemiis
1103 4533 1213 4597 allecti
1234 4535 1332 4599 hauh
