2760 4868
608 183 640 192 -
679 150 744 205 VIII
781 183 813 192 —-

1269 246 1323 292 Pae.

149 310 219 365 XXI.
256 313 312 364 Res
339 311 481 364 humanas
515 311 708 380 oppositorum
740 311 921 365 contentione
950 313 979 365 et
1006 312 1233 367 reconciliatione

256 399 353 469 augeri
373 399 459 453 etati
478 443 1233 457 ......................
1270 407 1323 457 204

135 488 220 542 XXII.
259 487 365 553 Quibus
389 487 513 543 consiliis
531 488 688 543 Friderinus
708 488 863 543 Guilelmus
887 489 999 543 Tertius
1022 490 1233 545 universitatem

257 576 466 630 Beroliuensem
486 577 653 644 condiderit,
673 580 835 645 servaverit,
854 579 972 647 auxerit,
990 580 1199 634 demonstratur
1227 620 1232 630 .
1270 586 1323 633 216

121 664 219 719 XXIII.
256 665 298 720 De
316 665 495 735 providentia
513 682 557 719 res
575 667 711 720 humanas
731 667 943 722 administrante
977 711 1232 724 ........
1270 675 1323 721 224

120 753 219 808 XXIV.
256 754 298 807 De
317 755 451 824 principis
470 755 656 824 temperantia
692 800 1232 813 ................
1270 763 1322 810 234

133 842 218 897 XXV.
256 842 297 896 De
315 843 450 912 principis
468 843 666 898 benevolentia
692 887 1019 900 ..........
1029 902 1047 937 .
1049 888 1232 900 ......
1271 852 1323 898 244

119 931 218 986 XXVI.
256 931 405 998 Quaeritur
429 932 496 1000 quid
519 932 568 1001 sit,
595 933 671 1000 quod
695 950 805 1002 quoque
824 936 950 1003 tempore
970 933 1045 987 etin
1065 951 1174 1002 quoque
1193 935 1233 987 rei

254 1021 386 1091 publicae
405 1023 481 1075 statu
498 1022 628 1092 princeps
647 1023 773 1076 conferre
793 1023 829 1077 ad
847 1022 1007 1078 litterarum
1025 1022 1122 1078 florem
1135 1024 1233 1092 possit,

257 1109 324 1178 quid
341 1125 377 1163 ne
396 1126 505 1163 summa
524 1111 637 1178 quidem
656 1111 805 1181 diligentia
823 1111 952 1166 adhibita
969 1112 1060 1181 possit
1083 1156 1233 1169 .....
1271 1120 1322 1167 256

51 1204 60 1217 ·
110 1198 222 1254 rxvu.
258 1198 393 1253 urinaria
412 1198 545 1253 uuueimr
563 1186 652 1254 rear
670 1200 797 1255 laudatio
816 1200 939 1256 amessa
976 1243 1232 1257 ........
1271 1208 1322 1256 sss

99 1286 224 1342 XXVIII.
262 1287 397 1342 Friderici
415 1287 547 1343 Guilelmi
567 1290 665 1355 Quarti
688 1289 831 1359 ingenium
855 1308 918 1343 cum
940 1288 1044 1344 virtute
1063 1289 1141 1359 regia
1160 1307 1234 1344 corn·

256 1380 370 1447 paratur
408 1421 1233 1435 ........................
1271 1387 1322 1434 27⁹

122 1465 221 1521 XXIX.
259 1467 299 1522 De
318 1466 411 1536 patria
430 1468 459 1521 et
476 1465 610 1536 principis
628 1484 725 1543 amore
764 1510 1233 1524 ..............
1271 1476 1323 1524 290

138 1554 222 1610 XXX.
261 1556 418 1624 Quaeritur,
438 1558 573 1624 quatenus
592 1556 733 1626 principes
752 1556 787 1610 de
805 1556 908 1610 litteris
927 1557 997 1610 bene
1012 1556 1113 1610 mereri
1126 1557 1236 1627 possint

257 1647 286 1699 et
308 1645 471 1714 praecipue,
498 1644 565 1713 quid
586 1645 720 1715 principis
740 1644 774 1699 de
794 1645 911 1714 singulis
930 1645 1088 1699 litterarum
1107 1646 1234 1716 partibus

256 1734 361 1788 iudicia
384 1734 509 1788 conferre
533 1734 570 1788 ad
593 1734 784 1788 doctrinarum
807 1734 904 1788 florem
926 1735 972 1788 vel
999 1737 1105 1803 queant
1121 1736 1168 1789 vel
1186 1753 1232 1789 ne-

257 1826 368 1891 queant.
405 1822 482 1877 Haeo
506 1822 633 1891 quaestio
656 1822 790 1877 Ilriderici
808 1822 905 1892 Magni
928 1823 961 1877 de
985 1823 1147 1878 litteratura
1166 1824 1232 1877 Ger·

256 1912 367 1966 manica
385 1911 608 1967 commentarioli
627 1913 754 1982 exemplo
773 1912 931 1965 illustratur
940 1955 1231 1968 .........
1271 1919 1320 1968 301

126 2000 224 2056 XXXI.
260 2001 417 2071 Exponitur
431 2000 522 2070 qualis
538 2000 574 2054 sit
587 2001 750 2071 principalis
760 2000 921 2071 benignitas
931 2003 960 2054 et
970 2000 1120 2068 quamnim
1130 1997 1236 2054 habeat
1272 1999 1323 2055 312

42 2117 63 2134 κ
114 2089 224 2144 XXXII.
262 2090 303 2144 De
321 2091 492 2158 litterarum,
510 2089 708 2160 philosophiae
727 2089 864 2159 imprimis
884 2091 913 2141 et
930 2087 1109 2156 antiquitatis
1128 2088 1234 2143 studio-

261 2197 331 2248 rum,
350 2179 514 2234 condicione
533 2179 676 2248 praesenti
698 2220 1235 2235 ................
1272 2186 1325 2234 324

29 2264 32 2269 ’
99 2266 225 2322 XXXIII.
261 2267 303 2322 De
321 2268 362 2322 rei
380 2268 510 2337 publicae
529 2271 608 2323 motu
624 2309 1233 2324 ..................
1270 2274 1323 2322 335
