2760 4868
568 178 694 243 -59
747 215 781 223 --

55 340 224 406 doctrinae
253 365 274 406 a
302 340 469 407 nonnullis
503 338 721 404 commendari
755 321 890 420 solent,-
906 341 943 400 ut
973 336 1096 401 civitati
1124 336 1289 400 ministros

58 447 100 512 ad
130 448 291 532 imperata
318 451 405 512 recte
432 446 580 512 facienda
602 449 635 510 et
657 445 789 530 negotia
816 446 946 528 publica
970 443 1164 508 famulorum
1188 443 1291 506 instar

57 555 132 619 sine
152 556 280 620 ratione
303 559 363 620 aut
385 555 493 638 aliquo
517 554 633 619 affectu
657 554 799 637 gerenda
825 550 1084 617 accommodatos
1109 549 1292 633 praebeant,

57 666 92 726 et
121 661 264 746 opificia,
298 662 416 746 quibus
445 660 562 726 civium
590 660 738 726 fortunae
772 659 975 744 adiuventur,
1006 657 1146 722 inventis
1176 679 1291 741 suppe-

59 767 200 832 ditandis
231 771 390 852 augeant:
427 788 622 852 quamquam
654 788 695 830 ne
726 766 788 830 hoc
821 767 949 850 quidem
982 766 1196 850 spernendum
1228 767 1291 829 est:

58 874 117 938 sed
150 895 285 958 prorsus
319 878 432 939 contra
464 872 570 937 iudico
602 872 728 936 litteras
761 894 864 956 neque
892 874 971 937 illud
1003 876 1166 957 praestare
1196 894 1292 957 posse

59 1003 163 1066 neque
191 981 232 1045 ad
261 981 325 1045 hoc
354 979 451 1064 dirigi
480 979 605 1043 debere.
654 979 784 1044 Etenim
814 981 842 1044 ei
871 980 931 1063 rei,
964 1003 1058 1065 quam
1089 981 1193 1063 primo
1220 981 1291 1044 loco

60 1088 171 1172 posui,
203 1088 329 1151 litteras
357 1108 423 1151 non
451 1085 621 1169 inservire,
653 1086 704 1149 vel
733 1086 808 1151 hinc
839 1087 1045 1172 intelligitur,
1078 1087 1162 1170 quod
1191 1087 1290 1151 scien·

61 1196 143 1260 tiam
175 1195 313 1278 quisque
344 1216 410 1259 non
444 1194 640 1258 extrinsecus
674 1193 850 1281 addiscere,
886 1194 942 1259 sed
973 1217 1039 1259 non
1071 1194 1133 1257 nisi
1165 1216 1203 1258 ex
1235 1215 1293 1258 suo

61 1303 171 1367 animo
201 1301 332 1366 haurire
365 1305 398 1366 et
428 1301 520 1386 quasi
553 1301 713 1384 explicare
745 1300 848 1384 perito
877 1302 1033 1386 magistro
1066 1300 1144 1366 duce
1176 1303 1294 1385 potest,
1346 1290 1359 1306 ”

61 1408 212 1494 quodque
244 1408 398 1473 scientiae
430 1412 463 1473 et
494 1409 676 1474 litterarum
703 1407 751 1472 vis
782 1429 818 1471 ac
850 1411 996 1491 potestas
1027 1430 1095 1472 non
1124 1408 1158 1473 in
1186 1428 1292 1470 rerum

61 1515 328 1602 quotidianarum
356 1515 512 1580 memoria
540 1520 572 1579 et
600 1514 789 1597 traditione,
821 1536 924 1599 neque
952 1515 986 1577 in
1015 1515 1153 1598 quadam
1183 1534 1293 1578 secun·

63 1622 139 1687 dum
168 1623 257 1706 leges
285 1623 496 1706 praestitutas
525 1621 641 1707 agendi
669 1621 822 1686 facultate
850 1621 957 1704 posita
985 1624 1047 1704 est,
1075 1621 1190 1686 sedin
1218 1620 1293 1684 libe·

64 1728 123 1793 rali
151 1734 186 1793 et
213 1728 368 1794 interiore
396 1733 429 1792 et
456 1752 495 1794 ex
523 1729 602 1813 ipsis
630 1728 796 1812 principiis
827 1728 1011 1793 deducenda
1038 1750 1145 1792 rerum
1172 1727 1292 1792 divina·

63 1858 134 1900 rum
158 1841 193 1902 ct
215 1837 431 1901 humanarum
451 1837 644 1922 cognitione.
680 1834 727 1899 Et
745 1838 830 1899 certe
850 1834 1048 1919 disciplinae,
1072 1835 1098 1899 si
1123 1835 1164 1899 ad
1187 1835 1295 1917 istum,

64 1964 160 2026 quem
187 1942 268 2026 dixi,
300 1942 531 2026 imperantium
558 1964 652 2006 usum
680 1945 781 2006 natae·
806 1948 1072 2026 comparataequc
1100 1945 1221 2019 essent,
1254 1940 1292 2004 ad

66 2050 221 2114 maiorem
244 2049 371 2113 indies
399 2049 628 2132 perfectionem
653 2047 744 2112 evehi
766 2070 868 2134 neque
891 2054 1025 2132 possent
1046 2070 1105 2113 nec
1129 2048 1293 2131 deberent,

65 2157 285 2241 theologoque
320 2154 439 2239 placita
466 2157 571 2218 aetate
600 2155 739 2237 sancita,
770 2155 997 2221 iurisconsulto
1025 2159 1171 2238 receptas
1198 2155 1286 2239 leges

67 2263 191 2327 medico
219 2265 393 2346 praecepta
420 2261 518 2347 vulgo
550 2262 760 2345 comprobata
792 2262 932 2327 ediscere
964 2262 1158 2345 sufficiebat,
1190 2260 1294 2344 philo-

67 2369 184 2453 sophia
213 2371 336 2450 autem,
364 2390 446 2453 quae
474 2390 508 2433 se
537 2368 578 2432 ad
605 2367 664 2432 has
693 2369 859 2453 angustias
885 2369 986 2454 redigi
1008 2369 1097 2433 nullo
1121 2368 1217 2432 modo
1241 2390 1296 2451 pa-

68 2477 164 2559 titur,
201 2474 352 2558 pellenda
384 2478 417 2538 et
448 2474 677 2558 proscribenda
709 2479 787 2541 erat.
842 2475 927 2552 Quid
959 2477 986 2541 si
1024 2479 1113 2559 sunt,
1149 2475 1203 2559 qui
1233 2473 1296 2538 hoc

68 2580 257 2667 postulent?
302 2579 406 2647 Immo
434 2603 492 2670 per
515 2580 678 2646 Orientem
706 2582 773 2647 fere
802 2583 986 2647 universum
1014 2581 1156 2647 omnium
1182 2580 1296 2645 doctri-

69 2712 182 2755 narum
211 2688 294 2754 fines
320 2688 504 2754 istiusmodi
530 2689 687 2754 limitibus
714 2693 748 2754 et
774 2690 867 2775 quasi
894 2689 1063 2754 moenibus
1092 2686 1207 2752 Sinicis
1236 2687 1296 2750 cir-

68 2796 238 2862 cumdatos
267 2815 338 2860 esse
365 2796 529 2861 novimus:
560 2818 619 2861 nec
646 2797 716 2861 sine
744 2818 906 2862 successu:
936 2818 1050 2879 nempe
1079 2794 1296 2878 perpetuitate

70 2904 260 2988 disciplinae
288 2902 449 2986 consopiti
477 2903 577 2968 animi
605 2907 695 2987 sunt,
724 2907 888 2986 postremo
917 2907 1047 2986 torpore
1075 2900 1171 2965 morti
1200 2921 1295 2983 quam

70 3012 154 3076 vitae
182 3009 338 3074 similiore
366 3009 493 3093 sepulti.
538 3007 606 3074 Nec
634 3009 772 3073 multum
796 3010 921 3093 aberat,
950 3009 1028 3094 quin
1051 3006 1219 3093 pontificia
1241 3004 1296 3069 do-

72 3117 251 3183 minatione
273 3115 424 3200 Europae
447 3116 559 3199 populi
582 3116 616 3180 in
639 3115 722 3179 idem
748 3116 912 3179 servitium
935 3118 1077 3199 ruerent,
1104 3113 1169 3179 nisi
1192 3113 1297 3177 inten-

72 3225 136 3289 tior
153 3223 338 3289 Occidentis
362 3223 409 3286 vis
433 3227 466 3288 et
488 3224 591 3287 virtus
614 3225 739 3286 mature
762 3221 819 3286 illa
842 3221 971 3287 vincula
992 3223 1198 3306 perrupisset.
1235 3217 1297 3285 Sed

72 3338 107 3395 ut
129 3353 168 3396 eo
193 3329 337 3412 redeam,
362 3329 447 3394 unde
469 3351 582 3394 uereor
603 3350 644 3392 ne
673 3326 852 3412 paullulum
881 3328 1046 3393 deflexisse
1074 3328 1195 3410 videar,
1222 3349 1298 3411 quo·

72 3439 158 3502 niam
187 3437 315 3501 litterae
343 3439 428 3500 recte
456 3437 560 3503 cultae
587 3436 672 3502 hunc
700 3457 807 3500 rerum
836 3439 956 3499 statum
985 3457 1052 3500 non
1077 3434 1173 3498 modo
1198 3433 1298 3496 abnu-

71 3547 143 3628 unt,
180 3544 237 3608 sed
273 3543 387 3608 tollere
424 3547 594 3625 conantur,
632 3543 749 3627 quippe
781 3564 864 3627 quae
895 3564 962 3607 non
994 3542 1041 3626 id,
1078 3539 1164 3626 quod
1201 3539 1297 3624 vulgo

72 3655 236 3736 receptum
267 3652 324 3734 sit,
356 3650 507 3735 probent,
538 3648 594 3714 sed
626 3649 712 3733 quod
742 3671 850 3714 rerum
881 3653 1000 3714 natura
1031 3651 1065 3713 et
1095 3651 1185 3711 recta
1216 3646 1298 3710 ratio

73 3778 244 3841 exposcere
267 3755 426 3838 videatur3
450 3759 540 3838 patet
564 3757 650 3818 artes
674 3757 707 3818 et
730 3753 915 3838 disciplinas
939 3754 979 3818 ad
1002 3754 1125 3820 nullam
1149 3776 1217 3817 rem
1240 3752 1297 3816 mi-

73 3886 133 3929 nus
167 3867 261 3947 aptas
294 3883 378 3944 esse,
410 3883 506 3946 quam
537 3861 577 3926 ad
610 3861 697 3944 illos,
730 3883 810 3945 quos
838 3861 1032 3947 significavi,
1064 3860 1203 3924 famulos
1236 3859 1298 3924 for-

73 3970 216 4035 mandos.
267 3970 372 4053 Igitur
401 3991 499 4052 quum
527 3968 589 4033 hoc
616 3968 639 4032 ii
667 3990 733 4032 non
760 3968 924 4052 ignorent,
956 3967 1011 4053 qui
1038 3989 1104 4033 rem
1137 3966 1299 4050 publicam

72 4078 136 4141 ista
158 4075 286 4140 ratione
310 4074 542 4159 administrari,
570 4097 667 4161 quam
695 4097 754 4159 pro
779 4079 913 4140 renata
938 4074 1113 4159 prudenter
1136 4071 1300 4138 emendari

72 4183 212 4264 malunt,
249 4182 399 4247 cordatos
432 4181 622 4246 eruditionis
655 4190 687 4245 et
724 4182 903 4265 sapientiae
935 4181 1108 4265 magistros
1146 4183 1299 4263 tanquam

72 4295 280 4373 corruptores
308 4289 513 4374 ingeniorum
547 4293 580 4354 et
611 4289 750 4354 civitatis
783 4289 945 4372 incusant,
977 4287 1031 4371 qui
1064 4309 1161 4371 quum
1194 4307 1300 4351 rerum

72 4398 288 4483 gerendarum
318 4396 458 4480 imperiti
491 4397 553 4480 ipsi
584 4396 663 4479 sint,
694 4400 804 4461 tamen
838 4395 1110 4480 pragmaticorum
1143 4394 1299 4457 rationem

73 4504 310 4589 reprehendere
343 4504 552 4588 superciliosa
583 4525 719 4568 censura
750 4502 904 4586 audeant,
935 4502 1129 4588 iuvenesque
1162 4521 1181 4564 a
1212 4501 1300 4586 recta
