2760 4868
600 192 636 200 --
686 154 730 217 50
779 193 811 198 --

95 317 214 380 sensim
238 319 271 379 et
293 314 490 399 pedetentim
517 314 667 398 removit,
695 334 732 378 ac
760 313 930 377 stultitiam
953 318 1135 398 temporum
1160 313 1227 378 sale
1250 336 1322 397 per-

94 422 217 505 fricuit,
243 422 314 507 ipse
340 441 479 507 magnus
502 421 571 485 sine
595 421 692 485 dubio
721 424 759 484 ut
781 419 975 503 studiorum,
1004 420 1050 484 sic
1077 443 1185 485 rerum
1215 443 1322 486 sacra·
1337 420 1352 473 ἶ

94 552 166 594 rum
194 529 386 594 reformator
413 529 555 612 futuruS,
582 527 644 592 nisi
672 528 771 592 iocari
799 548 896 611 quam
925 526 1009 591 serio
1043 547 1152 611 agere,
1184 532 1218 591 et
1238 515 1321 612 'prae

95 636 272 701 ambitione
297 658 334 701 ac
361 636 533 700 timiditate
557 635 696 721 gratiam
719 637 887 718 potentum
916 632 1069 717 aucupari
1098 655 1220 719 suaque
1248 656 1321 701 con-

96 743 169 808 silia
197 743 235 807 ad
264 743 371 808 aliena
398 764 603 827 componere,
631 763 726 826 quam
756 740 893 824 simplici
921 762 959 805 ac
981 740 1060 805 forti
1088 741 1212 824 animo,
1240 764 1321 825 quae

96 850 159 915 sibi
182 853 270 914 recta
293 849 492 933 viderentur,
516 850 619 914 dicere
642 847 862 932 praetulisset:
887 868 950 931 quo
973 846 1109 931 factum,
1139 851 1176 912 ut
1198 849 1321 912 neutris

95 957 246 1041 placeret.
291 956 361 1021 Iam
385 961 492 1021 autem
516 978 613 1040 quum
643 954 846 1019 sacerdotum
875 957 908 1018 et
935 955 1168 1021 monachorum
1196 954 1322 1039 inertia,

94 1064 204 1149 luxus,
232 1063 383 1147 avaritia,
410 1063 511 1128 libido
536 1063 680 1127 omnium
709 1060 873 1146 adspectui
895 1065 1058 1145 paterent,
1085 1062 1118 1126 in
1142 1062 1214 1146 ipso
1238 1059 1321 1127 Con·

96 1171 169 1236 cilio
198 1170 408 1235 Lateranensi
435 1170 568 1235 Ioannis
596 1168 760 1234 Francisci
790 1167 857 1233 Pici
890 1168 1035 1234 oratione
1063 1169 1242 1234 luculenter
1269 1168 1322 1232 de-

96 1278 229 1362 scripta,
256 1300 353 1362 quum
383 1281 548 1361 praeterea
571 1274 803 1340 Germanorum
830 1274 991 1359 principes
1020 1276 1143 1340 tributa
1166 1298 1186 1340 a
1209 1274 1321 1340 Ponti·

97 1387 154 1449 fiee
178 1388 291 1450 exacta
314 1385 436 1448 ferrent
460 1383 648 1468 aegerrime,
678 1405 715 1446 ac
739 1380 873 1446 summis
897 1383 1050 1447 eeclesiae
1074 1384 1321 1468 magistratibus

96 1491 200 1556 Deum
219 1491 475 1583 Christianorum
494 1489 579 1569 Iove,
606 1488 771 1554 Christum
793 1487 946 1572 Apolline
970 1492 1002 1553 et
1024 1490 1228 1574 Aesculapio
1253 1489 1320 1554 Ma·

97 1603 180 1663 trem
204 1598 373 1683 Virginem
396 1597 504 1661 Diana
531 1618 597 1661 non
625 1595 767 1678 potiores
797 1595 910 1660 haberi
937 1596 1132 1662 testimoniis
1156 1597 1323 1681 locupleti·

97 1706 157 1769 bus
186 1709 364 1770 constaret:
397 1704 491 1769 novis
523 1704 619 1768 rebus
645 1703 782 1766 feliciter
809 1702 980 1767 moliendis
1008 1704 1090 1768 nihil
1118 1704 1185 1768 fere
1214 1703 1324 1768 deerat

97 1811 158 1875 nisi
191 1813 319 1876 occasio
352 1816 549 1895 opportuna,
582 1831 678 1895 qnam
711 1813 897 1893 quaestores
931 1808 1048 1875 Leonis
1082 1815 1114 1875 et
1142 1810 1323 1876 Cardinalis

96 1917 222 1982 Alberti
251 1919 383 1983 aerariis
407 1939 464 2002 per
496 1939 607 1982 omnes
630 1915 812 2000 provincias
842 1917 1028 1982 constitutis
1057 1920 1090 1981 et
1117 1919 1323 1984 contionibus

98 2024 385 2109 impudentissimis
409 2026 639 2108 praebuerunt,
668 2026 701 2087 et
722 2022 819 2088 homo
849 2024 952 2088 audax
975 2024 1130 2089 divinitus
1154 2027 1323 2110 excitatus,

97 2133 152 2216 qui
176 2136 245 2197 sese
269 2132 304 2195 in
327 2132 389 2196 hoc
411 2131 582 2196 discrimen
606 2130 682 2193 dare
705 2152 771 2194 non
795 2135 967 2196 vereretur.
1012 2130 1045 2196 Is
1069 2131 1131 2196 fuit
1153 2130 1324 2216 Lutherns‚

98 2239 146 2303 vir
169 2261 233 2304 non
262 2239 296 2302 in
320 2238 442 2303 deliciis
465 2239 632 2319 educatus,
660 2235 715 2300 sed
744 2238 856 2301 duram
880 2239 1053 2322 pueritiam
1081 2241 1113 2303 et
1140 2237 1324 2304 adolescen-

98 2346 177 2410 tiam
201 2346 372 2410 exercitam
398 2348 561 2429 expertus,
584 2343 639 2429 qui
662 2365 761 2427 parvo
785 2344 909 2430 beatus,
933 2346 1109 2411 ambitione
1132 2344 1223 2428 liber,
1247 2367 1323 2410 con·

99 2456 189 2517 stans
217 2452 363 2535 mirifice,
395 2451 480 2516 idem
510 2452 662 2536 diligam,
694 2455 858 2533 strenuus,
890 2455 1073 2537 promptus,
1105 2453 1191 2536 quod
1219 2474 1324 2537 neque

98 2558 240 2622 honores
264 2579 368 2642 neque
392 2581 468 2643 opes
493 2557 755 2642 concupiscebat,
778 2558 875 2622 nullis
899 2558 1071 2642 illecebris,
1094 2558 1192 2624 nullis
1217 2560 1325 2644 minis,

98 2665 240 2748 periculo
269 2664 357 2729 nullo
386 2664 548 2730 demoveri
576 2663 614 2728 de
642 2664 771 2748 incepto
798 2665 908 2730 labore
935 2666 1056 2750 potuit:
1090 2667 1263 2731 sanctitate
1292 2671 1324 2731 et

98 2772 222 2836 iustitia
250 2769 374 2836 Socrati
406 2774 438 2834 et
465 2770 600 2835 Aristidi
632 2770 762 2854 similis,
794 2775 844 2861 tot
870 2772 1052 2856 principum
1086 2773 1207 2837 amicus
1242 2773 1326 2839 obiit

98 2900 233 2963 pauper,
265 2879 320 2964 qui
354 2881 439 2942 esset
471 2899 594 2961 pauper
624 2881 730 2942 natus.
781 2876 842 2942 Sed
876 2880 1029 2963 pietatem
1063 2879 1132 2943 eius
1164 2880 1326 2963 aequabat

98 2985 146 3049 vis
175 2986 301 3050 dicendi
334 3007 406 3049 cum
435 2986 527 3068 copia
557 2988 590 3048 ct
622 2985 780 3048 suavitate
813 2986 999 3071 coniuncta3
1032 2986 1211 3051 orationem
1245 2988 1326 3068 eine,

99 3093 302 3157 remaculam
332 3093 536 3175 praesertim,
569 3112 689 3175 acrem,
721 3092 956 3177 vehementem,
989 3093 1191 3175 effrenatam,
1224 3093 1324 3157 animi

100 3202 133 3263 et
160 3199 292 3263 terroris
316 3199 446 3282 plenam
475 3199 527 3263 vix
556 3198 643 3281 capit
669 3203 799 3262 nostrae
828 3201 945 3264 aetatis
973 3201 1098 3264 enervis
1127 3203 1160 3264 et
1186 3199 1326 3265 delicata

100 3305 263 3389 elegantia
295 3310 390 3389 atque
424 3305 597 3387 modestia,
629 3326 689 3369 nec
716 3306 842 3370 mireris
876 3328 945 3370 esse
973 3306 1069 3370 hodie
1097 3307 1151 3390 qui
1180 3311 1325 3391 carpant.

101 3411 146 3476 Et
168 3412 357 3477 eruditionis
381 3412 486 3476 inerat
507 3415 664 3496 quantum
693 3413 772 3476 satis
800 3411 979 3478 videbatur:
1011 3434 1048 3477 ac
1076 3413 1222 3478 discebat
1249 3437 1326 3499 quo·

99 3519 179 3584 tidie
216 3518 349 3604 aliquid,
391 3519 538 3603 qnodque
580 3519 705 3583 deesset
741 3518 910 3604 Philippus
952 3520 1232 3604 subministrabat3
1274 3522 1326 3586 cui

102 3648 200 3710 quum
238 3625 367 3711 quidam
404 3627 638 3711 grammaticen
675 3627 913 3710 exprobrasset,
953 3649 1023 3692 sese
1060 3625 1231 3711 Lutherns‚
1269 3628 1325 3692 nbi

101 3733 333 3817 grammaticus
357 3734 411 3797 ille
439 3734 534 3798 aliter
560 3733 748 3817 iudicasset,
777 3733 816 3798 de
844 3756 902 3798 sua
929 3734 1091 3798 sententia
1120 3733 1205 3798 haud
1229 3755 1325 3820 aegre

102 3839 252 3904 decedere
276 3839 383 3924 palam
406 3840 571 3924 professus
596 3844 659 3904 est:
683 3841 799 3905 mirum
824 3844 980 3925 quantum
1005 3841 1190 3924 discrepans
1210 3864 1229 3906 a
1248 3840 1325 3906 Gre-

102 3945 193 4030 gorio
216 3945 352 4031 Magno,
381 3947 648 4012 caerimoniarum
676 3949 902 4031 constitutore,
930 3949 983 4032 qui
1007 3947 1176 4012 Desiderio
1200 3946 1326 4013 Galliae

103 4052 253 4136 episcopo
282 4055 476 4118 exsecrabile
498 4054 561 4119 hoc
584 4055 735 4119 delictum
764 4054 918 4138 obiectat,
947 4054 1030 4138 quod
1059 4055 1207 4120 sacerdos
1232 4078 1326 4139 quos-

103 4159 175 4223 dam
200 4160 432 4243 grammaticen
462 4161 613 4225 docuerit.
660 4160 720 4225 His
748 4161 870 4225 artibus
898 4176 980 4225 unns
1009 4162 1071 4244 vir,
1099 4161 1326 4245 philosophiae

96 4268 135 4355 'et
162 4264 344 4350 theologiae
373 4268 543 4352 magister,
576 4266 685 4332 divina
712 4268 851 4332 confisus
882 4289 957 4352 ope,
989 4291 1055 4333 non
1084 4269 1189 4333 solnm
1218 4268 1326 4334 Caroli

101 4369 322 4456 Imperatoris,
355 4373 387 4437 in
416 4375 505 4439 cuius
533 4375 651 4439 finibus
680 4374 728 4439 sol
757 4397 820 4439 non
850 4376 1028 4460 occidebat,
1056 4377 1106 4439 cui
1134 4375 1326 4441 Franciscus

102 4475 270 4542 Gallorum
293 4501 358 4559 rex,
380 4481 563 4566 principum
586 4486 655 4546 tum
678 4483 936 4568 potentissimus,
960 4483 1057 4548 armis
1080 4482 1237 4548 obsistere
1261 4505 1327 4547 non
