2760 4868
609 171 828 234 „30-

106 335 166 399 stri
188 333 263 397 Dux
286 331 456 396 Borussiae
480 330 600 413 extitit,
628 330 794 413 providere
819 349 911 412 opes,
939 328 1056 411 quibus
1080 330 1250 414 imperium
1274 351 1333 393 nec

108 441 139 504 vi
159 462 218 504 nec
236 462 293 525 per
317 438 458 522 optimas
477 441 563 500 artes
582 441 712 519 partum
732 439 903 518 tutaretur,
925 435 1046 502 famam
1070 437 1132 500 sibi
1152 436 1334 519 conciliare,

109 546 313 610 nobilitatem
336 545 396 609 sibi
421 544 594 627 devincire,
617 543 720 626 plebis
743 542 839 606 fidem
861 542 1000 606 retinere
1006 593 1015 626 ,
1037 541 1248 626 Imperatoris
1272 540 1335 607 Ro-

110 654 198 718 mani
222 653 372 737 regisque
394 650 551 715 Poloniae
574 650 714 734 gratiam
738 649 861 714 ambire
885 653 918 712 et
944 649 985 712 ab
1008 649 1131 713 invidia
1154 649 1276 714 ordinis
1300 671 1335 712 se

109 759 280 824 defendere
303 757 437 823 celanda
460 756 596 821 subinde
624 756 793 840 religione,
822 757 860 819 de
890 778 954 840 qua
982 776 1051 818 sese
1082 756 1121 819 ad
1150 757 1335 840 colloquen-

110 864 185 929 dum
209 869 323 950 sponte
351 864 482 947 obtulit,
508 863 693 946 formasque
718 864 836 945 varias,
863 864 961 944 prout
984 883 1034 926 res
1057 864 1258 946 postulabat,
1288 863 1336 925 in-

36 968 41 978 '
110 972 206 1036 duere
235 974 364 1035 coactus
393 973 451 1034 est.
501 968 569 1034 Nec
597 974 708 1033 tamen
735 968 934 1051 temporibus
962 968 1009 1031 ita
1037 970 1160 1053 serviit,
1190 973 1227 1033 ut
1253 968 1338 1031 nihil

110 1078 255 1157 auderet,
287 1077 343 1141 sed
370 1075 519 1161 periculis
547 1075 633 1139 haud
664 1075 776 1159 paucis
810 1096 843 1138 se
876 1075 1009 1139 obiecit:
1045 1076 1122 1160 quin
1152 1098 1171 1139 a
1199 1073 1337 1141 Caesare

111 1205 169 1268 per
195 1204 386 1268 praeconem
414 1186 581 1266 evocatus,
612 1185 649 1244 ut
679 1181 770 1264 regni
798 1181 944 1264 usurpati
973 1181 1201 1267 religionisque
1229 1181 1338 1267 pristi-

109 1311 171 1354 nae
200 1293 313 1354 exutae
342 1289 501 1353 rationem
534 1286 693 1370 redderet,
726 1291 758 1350 et
790 1287 1002 1351 creditoribus
1032 1289 1098 1352 suis
1128 1287 1339 1370 satisfaceret,

111 1397 279 1480 edictoque
298 1397 332 1459 in
351 1396 421 1479 ipsa
440 1394 528 1459 curia
542 1392 756 1476 Regiomonte
771 1393 985 1478 promulgato,
1004 1395 1133 1459 tandem
1149 1396 1183 1458 in
1198 1395 1340 1459 comitiis

111 1503 314 1588 Augustanis
333 1506 419 1566 terra
438 1500 611 1564 Borussioa
629 1499 782 1563 Gualtero
803 1497 1014 1586 Cronbergio,
1037 1501 1195 1586 Magistro
1216 1501 1340 1565 ordinis

112 1609 253 1692 addicta,
277 1614 334 1674 aut
356 1608 540 1693 principatu
563 1606 712 1671 decedere
741 1611 797 1671 aut
825 1607 860 1670 in
888 1629 1037 1691 supremo
1061 1606 1192 1691 Imperii
1220 1608 1340 1672 iudicio

113 1739 242 1781 causam
274 1737 368 1801 agere
398 1714 515 1778 additis
543 1714 788 1799 proscriptionis
817 1714 912 1778 minis
940 1714 1060 1796 iussus,
1092 1719 1272 1799 postremo,
1304 1720 1342 1780 ut

112 1823 313 1906 praedictum
336 1825 418 1904 erat,
447 1822 646 1905 proscriptus
674 1821 707 1886 in
732 1821 904 1885 discrimen
927 1843 1088 1885 summum
1112 1822 1341 1905 adducebatur,

113 1931 147 1993 ni
170 1930 249 1993 fides
274 1929 490 1992 subiectorum
514 1928 702 2013 plusquam
723 1926 870 1994 Caesaris
894 1928 943 1991 ira
966 1927 1128 2011 valuisset,
1153 1932 1186 1992 et
1208 1929 1341 1993 fortuna

113 2036 284 2100 Albcrtum
299 2034 475 2099 adiuvisset
489 2035 598 2117 copias
617 2035 841 2118 imperatorias
851 2024 949 2098 'bellis
964 2034 1167 2117 gravioribus
1182 2034 1342 2100 detinens.

114 2140 317 2226 Religionem
346 2162 422 2205 vero
447 2162 643 2226 quamquam
671 2163 738 2205 non
768 2141 914 2204 obtentui
943 2140 1095 2225 sumpsit,
1122 2145 1158 2205 ut
1181 2142 1342 2226 potiretur

112 2247 261 2332 imperi0,
285 2247 402 2333 quippe
421 2247 554 2311 Lutheri
578 2248 760 2313 doctrinam
779 2248 962 2331 salutarem,
985 2268 1067 2331 quae
1090 2269 1129 2312 ea
1148 2251 1342 2332 tempestate

112 2375 171 2437 por
193 2351 398 2417 Germaniam
428 2357 460 2416 et
483 2357 586 2417 terras
615 2353 798 2418 adiacentes
827 2352 1111 2437 disseminabatur,
1138 2354 1247 2418 animo
1277 2354 1342 2419 sin·

114 2481 186 2524 cero
211 2459 392 2543 amplexus3
416 2462 527 2524 tamen
545 2481 609 2523 non
629 2460 801 2544 ignoravit,
824 2464 982 2544 quantum
1007 2480 1045 2523 ea
1064 2459 1104 2523 ad
1123 2460 1342 2545 principatum

113 2588 233 2630 novum
249 2567 478 2630 stabiliendum
498 2567 667 2631 conferret.
704 2565 749 2630 Et
762 2565 932 2647 Lutherus,
951 2566 1011 2649 cui,
1031 2589 1128 2650 quum
1147 2567 1182 2629 in
1201 2567 1342 2631 comitiis

115 2671 440 2757 Norimbergensibus
478 2670 631 2737 adversus
664 2672 805 2737 Polonos
843 2672 963 2735 auxilia
998 2675 1135 2758 peteret,
1173 2673 1343 2738 etiamtum

115 2778 273 2865 Magister
304 2779 448 2864 equiturn
480 2802 538 2862 per
571 2779 733 2843 Andream
762 2778 957 2844 Osiandrum
990 2780 1236 2866 consiliabatur,
1269 2782 1343 2846 hor-

113 2888 202 2949 tatus
226 2884 397 2949 Albertum
427 2888 511 2968 crat,
538 2890 576 2949 ut
602 2887 710 2969 posito
739 2885 859 2950 ordinis
884 2885 1003 2950 vestitu
1031 2886 1221 2972 legibusque
1250 2889 1343 2953 abro-

115 2992 201 3077 gatis
220 2992 438 3077 principatum
458 2990 520 3056 sibi
539 2995 668 3076 caperet
691 2997 724 3056 et
746 3013 878 3056 uxorem
901 2991 1041 3076 duceret,
1065 2993 1149 3057 idem
1173 2999 1345 3060 censuerat

115 3096 301 3183 Philippus:
325 3098 434 3162 arrisit
457 3096 625 3181 Albertus,
649 3098 705 3162 sed
727 3099 809 3162 nihil
833 3097 1008 3182 respondit.

205 3203 308 3289 igitur
341 3227 439 3289 quum
473 3203 598 3267 Alberti
630 3194 801 3288 imperium
835 3205 896 3268 fide
928 3227 1013 3270 nova
1045 3207 1216 3271 subnixum
1250 3212 1344 3290 esset,

116 3310 195 3374 haec
220 3315 328 3376 autem
352 3333 417 3375 una
445 3332 516 3374 cum
541 3311 710 3395 disciplina
738 3313 864 3376 saniore
896 3314 1070 3377 sustentari
1099 3319 1131 3379 et
1159 3314 1344 3378 conservari

116 3440 182 3483 non
205 3421 329 3503 posset,
352 3418 415 3481 nisi
438 3417 471 3480 in
496 3415 651 3482 Borussia
675 3419 792 3482 artium
816 3419 1031 3483 conderentur
1055 3420 1191 3503 scholae,
1218 3422 1252 3484 in
1276 3420 1344 3505 qui-

117 3524 178 3589 bus
202 3525 261 3589 viri
293 3523 503 3609 popularibus
537 3524 706 3588 edocendis
742 3525 848 3589 idonei
873 3525 1086 3609 erudirentur3
1121 3548 1218 3609 quum
1251 3548 1345 3610 prae·

118 3636 208 3696 terea
236 3630 441 3716 Sigismundo
470 3631 633 3716 Augusto,
665 3630 821 3696 Poloniae
849 3636 918 3696 tum
946 3632 1016 3717 regi
1044 3654 1081 3697 ac
1109 3654 1166 3697 suo
1195 3637 1346 3718 patrem,

118 3738 209 3803 cuius
238 3759 298 3822 ope
326 3741 438 3802 contra
465 3735 698 3820 Imperatorem
732 3741 764 3801 et
787 3738 910 3823 equites
943 3739 977 3801 in
1004 3737 1140 3802 Livonia
1171 3740 1345 3824 praecipue

118 3865 209 3907 arma
240 3847 394 3926 parantes
432 3843 605 3928 indigeret,
642 3842 756 3906 studiis
794 3844 939 3909 fovendis
973 3845 1222 3929 gratificaretur,
1260 3845 1345 3930 quod

118 3949 198 4013 baec
226 3950 275 4013 illi
303 3950 451 4035 inprimis
480 3972 555 4014 cara
582 3953 702 4032 essent3
734 3953 899 4033 postremo
928 3972 1026 4034 quum
1054 3951 1173 4015 civium
1200 3951 1346 4035 ipsorum

121 4055 305 4120 voluntates
328 4055 390 4121 hac
418 4056 479 4121 sibi
510 4078 543 4119 re
571 4056 795 4141 propensiores
818 4057 953 4120 faceret:
982 4057 1175 4143 intelligitur
1205 4079 1345 4123 commo·

121 4161 162 4225 da
189 4161 369 4227 litterarum
397 4185 417 4226 a
444 4161 544 4226 Ducis
573 4163 741 4227 commodo
771 4163 878 4227 aliena
905 4186 970 4228 non
999 4165 1107 4229 fuisse.
1159 4163 1251 4240 Quod
1281 4187 1346 4229 non

121 4268 192 4333 ideo
222 4268 306 4353 dico,
334 4273 370 4334 ut
393 4269 530 4354 gloriam
558 4269 644 4333 illius
669 4270 879 4334 obtrectando
908 4271 1065 4335 minuam:
1094 4271 1222 4335 litterae
1251 4273 1346 4354 enim,

121 4376 276 4460 quoniam
312 4376 452 4460 ingeniis
489 4375 670 4440 excolendis
708 4376 915 4462 moribusque
952 4378 1159 4443 emendandis
1191 4379 1346 4463 populum

121 4481 297 4546 beatiorem
326 4482 476 4566 reddunt,
509 4483 665 4569 optimum
695 4506 852 4569 quemque
881 4485 1058 4569 principem
1091 4485 1229 4549 maximo
1259 4486 1346 4551 adiu·
