2760 4868
605 214 826 277 ..12-

99 371 202 436 fnisse
229 372 370 456 felicem,
398 374 483 459 quod
511 375 626 438 studiis
653 374 834 458 utriusque,
863 372 904 437 ad
931 394 1013 457 quae
1041 393 1096 436 eos
1119 374 1236 435 natura
1260 372 1329 456 ipsa

104 478 293 559 adduxerat,
322 500 424 565 genus
451 481 579 546 vivendi
606 480 732 566 legibus
759 480 993 564 praescriptum
1021 480 1217 543 conveniret.
1266 477 1328 542 lm-

99 588 190 651 mota
218 585 396 651 diutissime
420 586 538 672 Sparta
566 588 670 670 stetit,
699 608 798 670 parvo
826 586 908 651 bene
935 587 1061 670 rivens3
1089 607 1192 671 neque
1221 586 1327 668 aptius

99 690 134 756 in
153 690 332 757 Germanos
355 715 451 778 quam
475 696 509 759 in
530 695 680 778 Spartam
703 692 789 758 dicta
808 693 912 758 Taciti
937 693 1100 758 sententia
1118 692 1327 778 gravissima:

92 797 223 881 .„Nemo
260 800 306 865 ibi
340 801 420 866 vitia
451 801 546 884 ridet,
581 821 642 865 nee
673 821 875 884 corrumpere
907 804 941 864 et
972 799 1134 883 eorrumpi
1166 800 1328 864 saeculum

97 906 263 992 vocatur“;
300 909 441 992 plurima
475 909 553 993 quin
590 908 688 972 etiam
725 908 818 990 vitia,
856 907 972 991 quibus
1011 907 1094 971 aliae
1126 906 1329 971 vexabantur

98 1012 259 1096 civitates,
296 1015 353 1080 illa
386 1016 572 1100 ignorabat:
611 1013 696 1077 unde
729 1012 891 1096 Socrates,
927 1012 1123 1096 Xenophon,
1155 1013 1263 1098 Plato,
1296 1018 1329 1078 et

98 1118 367 1201 prudentissimus
399 1126 544 1186 veterum
575 1121 710 1205 quisque
740 1119 935 1202 Spartanam
967 1142 1035 1187 rem
1068 1121 1230 1205 publicam
1260 1120 1328 1186 suis

98 1226 230 1292 calculis
268 1230 491 1312 approbarunt
521 1249 623 1313 usque
655 1247 708 1310 eo,
744 1228 780 1289 ut
811 1225 1021 1291 iustissimam
1054 1227 1196 1292 dicerent
1229 1233 1328 1313 atque

98 1333 337 1417 aequissimam,
355 1357 489 1420 eamque
508 1334 548 1399 ad
566 1333 799 1418 perfectionem
815 1333 961 1417 proxime
975 1335 1123 1398 accedere
1138 1334 1327 1399 iudicarent.

100 1437 182 1515 Quid
207 1441 292 1525 quod
311 1441 458 1508 Platonis
482 1441 545 1506 duo
568 1442 626 1506 illa
648 1439 809 1525 perfectae
832 1440 879 1503 rei
902 1439 1050 1524 publicae
1074 1441 1222 1524 exempla
1245 1442 1327 1505 nulli

98 1544 294 1612 Graecarum
329 1549 485 1613 similiora
517 1552 595 1613 sunt
625 1569 722 1632 quam
754 1544 954 1612 Laconicae?
991 1547 1066 1630 quid
1100 1548 1185 1632 quod
1218 1545 1329 1632 Solon,

100 1673 198 1736 quum
229 1652 318 1739 leges
350 1677 426 1719 suas
459 1656 664 1739 profiteretur
696 1675 766 1718 esse
798 1676 865 1718 non
893 1654 1045 1739 optimas,
1077 1654 1134 1718 sed
1161 1655 1329 1739 eiusmodi,

99 1758 210 1842 quales
247 1762 430 1844 potuissent
466 1762 555 1845 ferri,
592 1762 845 1846 praestantiores
883 1765 991 1826 autem
1027 1783 1096 1825 sese
1128 1761 1329 1844 praedicaret

99 1866 195 1947 scire,
223 1888 289 1931 non
318 1868 399 1931 alias
428 1868 553 1932 videtur
581 1869 781 1952 significasse
809 1890 904 1952 quam
932 1865 1068 1932 Doricas
1093 1867 1205 1952 Pythii
1228 1868 1329 1953 Apol-

97 1969 197 2036 linis?
221 1973 298 2057 quid
321 1974 407 2058 quod
430 1975 465 2038 in
487 1974 583 2040 Italia
601 1974 807 2060 Pythagorei,
831 1975 1024 2039 divinissimi
1046 1975 1238 2059 sapientum,
1262 1999 1327 2062 quo

97 2078 254 2162 populum
277 2079 447 2145 redderent
469 2103 543 2146 vere
566 2082 707 2165 beatum,
730 2082 869 2147 formam
892 2082 1031 2147 civitatis
1055 2081 1142 2146 haud
1165 2081 1329 2166 disparem

98 2205 295 2270 magnopere
324 2186 555 2253 instituerunt?
602 2188 724 2254 Verum
753 2212 792 2254 ex
821 2211 885 2274 quo
914 2189 1094 2273 apristina
1117 2188 1329 2272 simplicitate

99 2287 250 2372 Spartani
278 2293 493 2378 desciverunt,
522 2317 559 2360 ex
588 2319 652 2381 quo
680 2296 793 2360 deletis
821 2296 907 2361 bello
935 2295 1148 2361 nobilissimis
1175 2297 1328 2380 gentibus

99 2398 281 2483 permultis,
304 2420 456 2485 agrorum
485 2403 743 2469 suburbanorum
770 2404 874 2468 so‘rtes
898 2403 938 2467 ad
963 2402 1049 2465 mille
1073 2402 1139 2466 fere
1162 2403 1330 2467 redierunt

98 2503 247 2570 homines
271 2508 456 2593 opulentos,
479 2533 603 2596 exque
627 2533 705 2576 auro
728 2511 854 2575 inhiare
877 2511 982 2574 ferrea
1004 2509 1085 2573 haec
1109 2528 1188 2593 gens
1212 2511 1329 2594 coepit,

99 2632 273 2698 omnesque
302 2637 341 2680 ex
364 2616 499 2682 Graecia
526 2618 675 2682 universa
700 2621 733 2682 et
755 2618 906 2682 barbaria
929 2614 1079 2701 Spartam
1103 2615 1226 2680 nummi
1250 2638 1325 2681 con·

99 2716 275 2806 fluxerunt,
303 2724 388 2788 unde
416 2724 505 2789 velut
532 2725 655 2789 bestiae
682 2746 721 2789 ex
747 2725 851 2789 leonis
874 2724 1035 2789 cubilibus
1057 2743 1123 2787 non
1146 2722 1328 2806 proficisce-

97 2831 210 2892 rentur
233 2851 389 2914 unquam:
417 2831 491 2895 inde
515 2853 553 2896 ex
576 2853 616 2896 ea
637 2835 829 2916 tempestate
851 2832 942 2915 luxu,
965 2830 1155 2911 ambitione,
1180 2830 1353 2913 avaritia,·

94 2934 195 2999 malis
223 2937 348 3004 artibus
377 2938 574 3022 quibuslibet
602 2939 745 3023 corrupti
774 2961 811 3004 ac
839 2938 1005 3003 sordentes
1029 2959 1067 3001 eo
1090 2936 1330 3021 degenerarunt

99 3030 240 3125 turpius,
268 3066 331 3128 quo
355 3050 472 3111 natura
495 3045 535 3109 ad
558 3045 741 3110 istiusmodi
765 3046 844 3110 vitia
867 3045 975 3110 minus
998 3045 1135 3108 finxerat
1158 3043 1328 3127 proclives.

100 3146 248 3213 Athenas
280 3172 356 3216 vero
389 3152 573 3235 splendidas
607 3155 640 3216 et
670 3152 825 3236 illustres,
858 3153 953 3216 decus
986 3152 1196 3234 columenque
1231 3148 1354 3214 Grae'

100 3254 182 3339 ciac,
210 3260 246 3321 ut
274 3262 364 3323 vates
386 3258 559 3324 Thebanus
582 3260 818 3343 pronuntiavit,
845 3259 970 3344 legibus
994 3257 1060 3322 suis
1083 3257 1195 3322 beatas
1219 3257 1328 3340 fuisse,

101 3366 275 3449 antequam
301 3386 355 3429 eas
378 3366 569 3452 migrarent,
592 3359 668 3450 quid
691 3369 741 3430 est
764 3365 849 3450 quod
872 3363 1128 3450 persuadendum
1152 3364 1325 3447 suscipiam

99 3468 284 3554 persuasis?

189 3579 258 3645 Iam
283 3585 368 3644 enim
393 3580 610 3646 contrahenda
628 3581 699 3645 vela
718 3585 801 3664 sunt,
824 3582 857 3644 et
876 3577 1055 3643 omittenda
1073 3577 1223 3660 plurima,
1246 3599 1328 3661 quae

101 3685 196 3750 unius
223 3686 322 3753 horae
349 3687 508 3752 curriculo
536 3687 725 3752 concludere
753 3709 820 3751 non
848 3707 994 3770 possum,
1022 3688 1060 3748 ut
1087 3684 1202 3747 saltem
1225 3706 1327 3748 unum

100 3812 362 3877 commemorem,
389 3794 474 3880 quod
498 3817 562 3859 non
587 3795 725 3859 alienum
751 3794 830 3857 mihi
853 3814 956 3877 neque
981 3792 1021 3856 ab
1046 3792 1116 3855 loco
1139 3789 1201 3854 hoc
1224 3811 1329 3875 neque

100 3900 142 3964 ab
170 3899 222 3964 his
250 3901 455 3985 temporibus
479 3900 614 3969 videtur.
660 3898 784 3984 Nempe
807 3898 924 3984 Sparta
952 3898 1074 3963 civibus
1103 3896 1227 3989 profuit
1249 3918 1329 3980 pau-

100 4006 162 4071 cis:
191 4007 339 4073 Athenae
366 4031 424 4092 per
452 4010 563 4074 orbem
592 4013 750 4073 terrarum
776 4009 898 4072 fructus
921 4005 1125 4090 ingeniorum
1147 4003 1330 4069 uberrimos

100 4120 330 4200 propagarunt.
380 4114 443 4180 Illa
474 4116 611 4198 viribus,
644 4116 776 4199 virtute,
806 4114 902 4178 rebus
935 4113 1036 4197 gestis
1066 4131 1199 4196 magna,
1231 4110 1329 4173 nullis

100 4222 134 4287 in
166 4227 291 4289 exteros
324 4223 500 4288 beneficiis:
537 4223 598 4287 hae
631 4245 697 4288 non
731 4223 794 4287 sibi
826 4220 917 4302 solis,
956 4218 1011 4283 aed
1043 4218 1153 4301 generi
1185 4216 1328 4282 humano

102 4333 254 4413 operatae
287 4335 371 4395 sunt.
426 4329 544 4415 Sparta
575 4331 702 4395 cecidit:
741 4329 942 4393 Athenarum
975 4324 1201 4405 eruditionem,
1236 4325 1329 4408 quasi

77 4435 251 4599 wala
279 4459 439 4521 cursores,
467 4437 594 4502 saecula
621 4436 757 4502 saeculis
784 4434 998 4516 tradiderunt,
1027 4434 1059 4495 et
1085 4430 1215 4494 tradent
1240 4431 1328 4494 dein-

171 4534 174 4539 ’
236 4542 349 4606 omnis
372 4544 450 4609 aevi
471 4546 712 4631 sempiternam
737 4542 944 4628 memoriam,
968 4543 1008 4606 ut
1029 4539 1072 4604 ab
1096 4538 1173 4620 illa,
1194 4538 1286 4601 uelut
1311 4560 1334 4600 a
