2760 4868
607 215 803 278 -7-

67 398 113 440 ros
150 396 230 438 suos
269 374 397 438 discere
429 378 462 438 et
493 395 571 458 quos
603 374 638 438 in
672 373 765 438 ludos
799 374 880 438 itare
914 375 1046 459 vellent,
1082 376 1303 443 instituerunt

68 482 150 546 Haec
187 502 288 564 nova,
326 503 412 566 quae
450 484 576 565 praeter
613 481 877 546 consuetudinem
914 503 954 545 *ac
988 504 1111 547 morem
1143 485 1301 549 maiorum

67 592 158 673 liunt,
190 610 296 674 neque
326 589 459 674 placent
485 609 588 672 neque
615 592 704 653 recta
731 586 908 652 videntur.“
951 587 1023 654 Hoc
1050 590 1173 655 Romae
1200 592 1302 657 libera

68 720 97 762 re
124 697 258 781 publica
286 696 387 760 semel
411 699 507 780 atque
530 696 646 759 iterum
669 695 804 759 factum:
833 693 970 778 Spartae
993 698 1193 782 temporibus
1218 699 1300 783 opti·

69 807 124 870 mis
142 825 315 889 nunquam
336 825 405 867 non
424 802 637 867 observatum.
673 802 778 887 Igitur
796 801 987 886 prudentiae
1005 805 1186 891 viriumque
1204 807 1300 890 plena

69 910 323 996 breviloquentia
353 910 513 993 contenti,
540 930 622 993 quae
649 929 717 972 non
739 908 918 992 Laconum,
947 911 1002 974 sed
1025 910 1162 976 Doricae
1189 913 1299 996 stirpis

68 1018 193 1103 propria
232 1021 317 1100 erat,
360 1037 519 1100 quamque
558 1038 629 1080 cum
668 1014 799 1100 Argivis
836 1017 974 1080 maxime
1011 1019 1299 1103 communicabant,

68 1126 328 1210 aspernabantur
352 1127 483 1206 compta
506 1123 562 1188 illa
586 1127 619 1187 et
641 1124 733 1206 quasi
752 1123 925 1208 unguentis
945 1123 1088 1188 delibuta
1106 1126 1211 1190 factae
1231 1148 1300 1190 ora·

10 1242 12 1251 '
68 1233 159 1298 lionis
182 1233 442 1296 incantamenta:
470 1231 570 1315 igitur
598 1230 722 1295 nullum
746 1230 835 1313 apud¹
855 1251 911 1295 eos
935 1231 1120 1296 reconditae
1144 1236 1178 1296 et
1201 1234 1298 1297 subli-

69 1340 123 1404 mis
146 1339 338 1424 sapientiae,
360 1338 484 1402 nullum
507 1359 614 1402 rerum
636 1342 798 1423 gestarum
818 1337 1020 1420 posteritatis
1038 1340 1213 1405 memoriae
1233 1363 1297 1405 ser-

10 1504 12 1509 ,
68 1469 155 1512 mone
188 1447 334 1532 eleganti
365 1444 593 1509 tradendarum
621 1443 775 1508 studium:
809 1442 909 1528 igitur
936 1466 1041 1530 neque
1070 1442 1119 1509 de'
1136 1452 1296 1512 astrorum

66 1555 169 1637 positu
193 1558 228 1618 et
250 1552 409 1636 motibus,
432 1573 535 1637 neque
557 1552 596 1616 de
620 1549 811 1637 geometria,
835 1555 891 1615 aut
914 1553 1065 1637 numeris,
1088 1557 1146 1617 aut
1168 1555 1295 1638 litteris,

66 1666 116 1725 aut
143 1660 339 1738 harmoniis,
368 1663 425 1723 aut
452 1658 627 1743 rhythmis,
655 1658 709 1722 sed
734 1656 772 1721 de
795 1655 931 1722 heroum
954 1660 1167 1745 facinoribus,
1196 1661 1234 1726 de
1254 1663 1296 1727 ci-

66 1768 218 1833 vitatibus
242 1767 323 1832 olim
346 1766 501 1848 conditis,
530 1765 569 1829 de
592 1763 805 1849 prudentibus
828 1764 988 1830 institutis
1012 1770 1045 1830 et
1067 1768 1194 1853 legibus
1218 1768 1296 1853 Hip·

66 1877 145 1960 piam
189 1874 373 1959 sophistam
416 1873 626 1938 disserentem
669 1872 899 1937 auscultarunt.
957 1871 1146 1957 Sculpturae
1185 1878 1294 1940 tamen

64 1982 191 2047 habitus
221 1983 341 2066 honos,
374 1981 415 2046 ob
444 1982 628 2046 simulacra
643 1980 775 2044 deorum
803 1980 1062 2064 templorumque
1090 1981 1295 2065 religionem:

63 2112 161 2174 neque
195 2088 357 2174 ignobilia
388 2089 519 2154 nomina
551 2086 757 2171 Doryclidae,
792 2085 935 2169 Dontae,
969 2084 1164 2172 Callicratis,
1198 2086 1293 2172 Spar·

63 2202 210 2261 tanarum
240 2196 407 2260 artificum.
457 2194 525 2260 Nec
553 2198 681 2278 spretae
709 2215 781 2258 cum
810 2194 982 2258 saltatione
1011 2195 1132 2260 musice
1161 2200 1193 2260 et
1220 2220 1293 2280 poe·

62 2305 117 2369 sis:
141 2325 256 2368 verum
279 2303 365 2387 quod
388 2303 470 2367 nihil
494 2303 589 2367 citius
613 2302 773 2385 altiusque
794 2301 910 2364 animis
929 2301 1108 2384 puerilibus
1127 2303 1293 2389 insinuari,

61 2411 138 2476 nihil
172 2407 319 2475 moribus
353 2412 409 2473 aut
440 2409 649 2474 emendandis
683 2412 739 2473 aut
772 2408 986 2491 depravandis
1015 2410 1119 2495 magis
1148 2412 1292 2477 conferre

61 2519 308 2600 arbitrarentur,
340 2538 436 2600 quam
468 2522 575 2582 motus
607 2516 750 2600 corporis
778 2519 835 2579 aut
862 2515 1025 2580 modestos
1054 2520 1111 2581 aut
1143 2518 1291 2604 lascivoS,

59 2645 271 2708 numerosque
304 2627 338 2687 et
368 2623 480 2688 modos
514 2624 564 2687 vel
598 2643 724 2686 severos
753 2625 786 2684 et
812 2640 942 2704 graves,
973 2621 1026 2685 rel
1054 2622 1141 2686 leves
1171 2646 1208 2688 ac
1237 2624 1290 2688 hi·

59 2732 162 2816 voles,
195 2730 348 2815 religiose
380 2733 548 2808 caverunt,
582 2751 622 2793 ne
656 2751 720 2814 qua
747 2729 854 2812 prisca
884 2751 1010 2793 morum
1039 2730 1212 2814 disciplina
1239 2731 1290 2796 his

59 2839 181 2903 artibus
205 2837 434 2902 detrimentum
458 2840 594 2921 caperet.
641 2835 846 2920 Quapropter
869 2836 939 2900 sola
963 2837 1135 2901 saltatione
1157 2858 1291 2922 gymno·

59 2945 198 3030 paedica,
222 2945 367 3010 omnium
390 2944 594 3009 sedatissima
617 2948 650 3008 et
671 2941 939 3026 moderatissima,
963 2964 999 3007 ac
1023 2943 1198 3026 pyrrhicha
1220 2945 1289 3010 Ari·

59 3058 192 3118 stoxeno
220 3055 351 3117 auctore
378 3052 419 3116 ab
447 3052 527 3136 ipsis
555 3052 700 3135 inventa,
729 3073 793 3135 qua
820 3036 938 3114 bellica
966 3050 1205 3116 meditabantur
1232 3075 1288 3118 ne-

59 3160 158 3245 gotia,
192 3183 212 3223 a
245 3159 360 3243 quinto
394 3159 509 3223 aetatis
543 3180 629 3224 anno
658 3158 785 3221 institui
814 3178 929 3240 pueros
959 3158 1141 3224 voluerunt:
1175 3161 1288 3225 molles

61 3272 165 3332 autem
188 3267 272 3331 istos
301 3265 400 3329 flexus
424 3264 565 3347 Ionicos,
593 3265 803 3350 protervitate
828 3287 886 3328 sua
908 3264 1113 3350 nobilitatos,
1142 3267 1288 3331 exsulare

58 3374 89 3438 in
116 3376 309 3458 perpetuum
336 3371 508 3436 iusserunt.
554 3371 593 3435 In
621 3371 744 3435 musica
773 3373 882 3434 autem
910 3392 1021 3436 cascos
1050 3372 1287 3456 amplecteban-

58 3487 107 3544 tur
129 3478 312 3565 Terpandri
335 3480 462 3562 modos,
486 3477 601 3564 quibus
625 3478 788 3560 descripta
812 3477 1003 3561 disciplinae
1026 3478 1174 3562 publicae
1198 3501 1286 3562 prae-

57 3592 146 3672 cepta
174 3591 343 3672 putantur:
371 3608 475 3670 neque
503 3583 665 3649 immerito
694 3583 917 3668 gloriabantur
945 3606 1015 3649 sese
1044 3586 1189 3650 omnium
1219 3586 1286 3650 diu-

56 3696 176 3760 tissime
204 3694 323 3760 veteris
351 3693 488 3758 musices
517 3690 684 3756 obstitisse
712 3690 933 3774 depravationi
964 3713 1022 3775 per
1045 3691 1213 3771 Graeciam
1238 3693 1284 3756 in·

57 3810 172 3867 vectae.
224 3798 324 3866 Cuius
358 3801 405 3866 rei
435 3800 662 3864 documentum
690 3797 854 3880 publicum
883 3798 986 3862 fertur
1014 3798 1189 3882 decretum,
1222 3822 1284 3884 quo

56 3909 341 3974 animadverterint
368 3909 402 3972 in
429 3907 636 3971 Timotheum
664 3904 841 3988 Milesium,
875 3907 1033 3972 artificem
1062 3908 1179 3971 aetatis
1208 3931 1284 3972 strae

56 4016 284 4096 clarissimum,
317 4016 384 4100 qui,
417 4037 516 4099 quum
550 4012 699 4097 Spartam
733 4014 884 4098 venisset,
917 4016 967 4078 etl
982 4016 1099 4098 spretis
1132 4015 1285 4100 antiquae

55 4121 167 4187 Musae
195 4126 319 4206 septem
346 4121 474 4186 chordis
503 4120 650 4184 undecim
679 4120 765 4184 sonis
794 4142 926 4203 canens,
956 4143 1014 4205 pro
1044 4121 1181 4205 simplici
1210 4122 1283 4186 har-

55 4229 162 4294 monia
193 4229 299 4292 vario's
332 4232 364 4292 et
395 4226 596 4292 effeminatos
629 4226 804 4290 chromatis
835 4229 946 4291 modos
974 4227 1165 4310 induxisset,
1198 4229 1283 4293 iuve-

55 4357 207 4420 numque,
241 4339 276 4399 ut
309 4341 358 4398 est
385 4336 419 4399 in
448 4336 590 4418 decreto,
623 4334 820 4417 corrupisset
848 4357 955 4417 aures,
989 4339 1083 4419 atque
1112 4335 1195 4399 idem
1225 4334 1282 4399 (lo-

54 4442 132 4505 reris
161 4441 344 4506 Eleusiniae
371 4441 455 4506 ludis
483 4442 627 4506 fabulam
656 4462 772 4525 parurn
803 4442 916 4509 decore
948 4441 1112 4508 adornans
1138 4440 1287 4507 Semelae

50 4547 174 4606 dolores
194 4545 354 4607 docuisset
370 4569 508 4628 pueros:
535 4571 556 4613 a
578 4549 730 4638 Regibus
756 4556 791 4622 et
814 4553 963 4645 Ephoris
987 4554 1215 4645 reprehensus
1237 4572 1313 4618 essa
