2760 4868
590 210 803 274 „21-

160 369 235 436 Hac
265 371 366 457 igitur
390 369 616 435 coniunctione
642 369 844 436 faustissime
871 370 1025 455 quidquid
1051 372 1199 455 proximo
1228 376 1308 436 tem-

76 499 151 561 pore
179 499 201 541 a
231 476 328 542 nobis
359 476 527 559 praeclare
560 481 686 561 gestum
720 481 783 561 est,
815 480 939 561 partem
974 479 1148 543 maximam
1179 482 1309 544 constat

77 605 144 648 esse
172 584 339 649 effectum:
373 605 414 646 ea
447 603 523 648 vero
551 582 706 647 Friderici
734 581 886 647 Guilelmi
915 583 1050 650 debetur
1081 587 1180 650 menti
1213 608 1308 671 gene·

79 711 183 773 rosae,
214 689 383 772 clementi,
418 688 566 774 sapienti.
616 688 678 765 Qui
705 690 843 774 primum
870 690 1021 756 fortunae
1049 693 1166 759 cedens
1194 693 1328 778 iniqui.

80 797 137 861 teti
164 817 218 861 res
250 795 403 860 adversas
433 796 509 860 tulit
536 796 807 881 constantissime,
836 801 932 881 atque
960 800 1089 864 interim
1116 800 1199 865 nihil
1227 801 1308 865 anti-

82 905 172 986 quius
201 904 399 988 pensiusque
427 902 554 988 habuit,
589 926 685 990 quam
714 909 751 968 ut
778 904 895 969 civium
923 907 1062 991 animos,
1095 930 1176 992 quos
1203 907 1308 973 hostis

82 1009 200 1075 abillo
224 1032 296 1075 esse
320 1010 453 1075 volebat
474 1032 570 1095 quam
594 1011 818 1095 alienissimos,
842 1012 1015 1078 virtutibus
1039 1014 1100 1078 sibi
1122 1014 1308 1098 devinciret,

82 1138 157 1181 neve
186 1115 339 1182 socordes
372 1116 545 1201 ignavique
572 1118 698 1202 fierent,
730 1120 889 1185 institutis
921 1125 1049 1185 caveret
1081 1122 1308 1205 prudentibus:

83 1246 168 1308 mox,
201 1225 315 1290 oblata
347 1222 464 1308 agendi
498 1224 757 1307 opportunitate,
795 1225 910 1296 vindex
942 1227 1116 1293 acerrimus
1148 1228 1308 1294 libertatis

84 1332 236 1397 divinitus
261 1332 421 1395 excitatus
444 1329 626 1395 latitantem
649 1332 715 1396 ruri
739 1331 829 1395 etin
852 1333 986 1398 urbibus
1010 1335 1178 1418 populum,
1200 1336 1307 1400 horta·

84 1444 132 1504 tus
159 1461 236 1504 suos
265 1437 474 1521 impatienter
501 1436 620 1502 dudum
649 1442 902 1522 exspectantem,
934 1441 966 1504 in
1000 1441 1100 1505 solem
1134 1464 1170 1506 ac
1201 1443 1309 1526 pulve

87 1567 149 1610 rem
172 1545 335 1627 evocavit3
359 1565 398 1607 ex
420 1544 564 1627 rusticis,
587 1545 755 1629 operariis,
779 1547 1025 1631 mercatoribus,
1048 1548 1209 1633 litteratis,
1233 1549 1308 1613 ado·

86 1652 280 1719 leseentibus
298 1651 450 1737 ingenuis
469 1656 600 1735 repente
620 1652 792 1716 exercitum
816 1652 943 1736 paravit
962 1676 1029 1719 non
1045 1655 1142 1720 modo
1156 1655 1308 1735 hostium,

86 1761 137 1825 sed
169 1760 285 1825 mortis
318 1761 585 1842 contemptorem,
621 1758 776 1824 victoriae
808 1759 973 1844 cupidum,
1009 1761 1094 1826 vitae
1128 1762 1308 1847 prodigum.

85 1867 162 1932 lloce
191 1866 415 1950 spectaculum
444 1865 576 1950 dignum
604 1889 669 1952 quo
700 1888 771 1931 sera
799 1867 952 1950 respiciat
977 1868 1165 1951 posteritas!
1217 1868 1307 1934 Prin-

84 1996 154 2058 ceps
185 1974 332 2058 optimus
364 1971 457 2036 ruina
488 1973 533 2036 rei
565 1973 713 2057 publicae
745 1973 876 2038 illaesus
910 1995 946 2037 ao
974 1973 1034 2038 flos
1063 1975 1205 2039 nationis
1238 1977 1307 2040 uni-

86 2103 198 2146 versae
213 2103 288 2145 cum
311 2083 453 2162 tyranno
479 2080 610 2165 eiusque
634 2080 734 2164 copiis
764 2081 859 2165 longe
882 2081 975 2145 initio
999 2081 1225 2166 amplioribus,
1252 2082 1308 2147 sed

84 2189 111 2252 vi
142 2188 351 2272 potissimum
386 2187 505 2252 coactis
542 2186 728 2270 compositi!
783 2185 866 2250 Tum
901 2188 1042 2271 primum
1075 2187 1307 2254 Germanorum

84 2296 232 2360 virtutem
260 2294 351 2358 velut
378 2315 395 2357 e
424 2294 515 2375 gravi
546 2315 660 2358 somno
689 2297 904 2378 experrectum
932 2295 1084 2379 vidimus,
1115 2318 1212 2380 quum
1239 2295 1306 2361 Fri·

85 2401 179 2466 deriei
212 2400 366 2466 Guilelmi
399 2422 508 2467 vocem
544 2401 718 2465 iuventutis
753 2401 975 2466 nobilissimae
1012 2402 1161 2468 cohortes
1198 2425 1307 2468 sacrae

83 2531 151 2573 cum
178 2508 273 2574 varia
299 2508 506 2573 multitudine
534 2508 751 2592 sequebantur
778 2507 991 2573 voluntariae:
1025 2532 1102 2575 avos
1131 2515 1307 2595 atavosque

82 2616 119 2680 ab
143 2616 258 2680 inferis
283 2615 405 2680 redisse
428 2615 564 2698 diceres,
593 2637 728 2701 quorum
756 2615 860 2679 nostri
888 2617 1035 2700 exempla
1059 2618 1306 2683 aemulabantur

81 2722 105 2788 0
136 2743 294 2808 magnum
327 2721 440 2806 populi
470 2723 605 2805 bonum,
637 2721 720 2805 quod
753 2721 788 2785 in
819 2743 926 2786 rerum
960 2745 978 2786 a
1011 2724 1187 2789 maioribus
1219 2724 1304 2788 clare

79 2835 243 2915 gestarum
275 2829 432 2893 memoria
463 2832 513 2892 est
544 2829 700 2912 positum!
751 2827 904 2893 Friderici
933 2826 1070 2893 Secundi
1101 2830 1302 2915 magnitudo,

79 2937 204 3022 imperii
226 2935 392 3002 Berussici
416 2937 558 3021 dignitas
581 2936 731 3020 pristina,
757 2936 954 3002 exercituum
976 2936 1120 3020 priorum
1143 2936 1301 3003 fortitudo

78 3045 193 3109 animis
222 3044 367 3109 omnium
395 3042 665 3108 obversabanturi
692 3042 781 3106 illam
809 3043 945 3128 gloriam
974 3065 1072 3127 quum
1099 3042 1161 3106 sibi
1189 3064 1301 3108 omnes

77 3150 326 3237 recuperandam
354 3149 584 3234 decrevissent,
610 3152 647 3213 ut
674 3149 750 3214 olim
775 3147 940 3233 Spartani,
966 3150 1014 3213 ita
1041 3170 1134 3232 pares
1161 3148 1212 3213 his
1236 3149 1301 3214 Bo-

76 3259 189 3324 russici
217 3259 349 3323 iuvenes
378 3279 510 3322 avorum
544 3258 696 3321 virtutem
724 3278 793 3321 sese
823 3260 1030 3340 superaturos
1060 3260 1136 3322 sunt
1158 3257 1297 3341 polliciti

77 3369 108 3429 et
130 3368 294 3430 steterunt
315 3364 494 3447 promissis.
540 3362 655 3447 Erant,
679 3363 850 3446 auditores,
874 3363 928 3448 qui
952 3362 1184 3430 Germanorum
1209 3363 1305 3429 decus

76 3473 111 3537 in
132 3494 173 3537 eo
200 3473 374 3556 ponerent,
402 3470 488 3555 quod
516 3471 640 3535 artibus
668 3470 862 3535 excellerent
888 3470 1084 3555 litterisque,
1109 3471 1166 3555 qui
1192 3471 1226 3534 in
1253 3471 1305 3536 his

76 3579 202 3645 dulcem
225 3561 419 3663 quaererent
441 3577 616 3661 requietem
635 3577 858 3662 libertatisque
878 3576 1014 3641 amissae
1039 3577 1203 3641 solatium:
1227 3578 1304 3661 quin

76 3691 182 3769 erant,
219 3685 276 3771 qui
313 3685 430 3748 exteris
467 3685 564 3749 etiam
601 3683 787 3749 nationibus
823 3687 1008 3768 narrarent,
1047 3683 1226 3750 Germanos
1264 3685 1303 3750 ad

75 3792 239 3878 agendum
261 3814 377 3876 parum
401 3795 510 3876 aptos,
538 3814 649 3856 verum
677 3791 717 3856 ad
740 3791 976 3875 meditandum,
1004 3792 1045 3856 ad
1074 3792 1303 3876 philosophan-

76 3900 166 3984 dum,
194 3900 235 3964 ad
259 3898 422 3964 variarum
446 3923 553 3965 rerum
579 3898 799 3983 cognitionem
827 3898 1004 3982 parandam
1032 3920 1102 3963 esse
1130 3899 1220 3965 unice
1248 3922 1302 3964 na·

74 4011 139 4089 tos,
167 4008 285 4091 quique
315 4028 371 4071 eos
398 4007 461 4074 hoc
488 4009 618 4073 nomine
646 4008 786 4071 maxime
815 4006 1048 4090 praedicarent.
1095 4005 1121 4071 Ο
1150 4007 1303 4071 subdolos

77 4112 254 4178 stolidosve
292 4113 475 4179 laudatores
507 4112 688 4178 Germanae
724 4111 867 4177 virtutis!
924 4134 943 4176 o
981 4133 1097 4176 vanam
1131 4112 1302 4195 gloriolam

75 4221 270 4303 litterarum,
302 4221 329 4285 si
358 4221 492 4286 libertas
520 4221 622 4286 deest!
674 4218 894 4283 Germanosne
928 4239 966 4283 ea
992 4218 1133 4283 tenuisse
1161 4218 1304 4301 consilia,

77 4328 108 4392 id
131 4327 301 4392 admisisse
325 4328 471 4411 dedecus,
494 4331 531 4392 ut
554 4329 587 4391 in
612 4326 729 4391 litteris
749 4325 988 4409 acquiescerent
1009 4326 1133 4409 patriae
1153 4330 1186 4392 et
1208 4326 1320 4402 liber·¹

77 4436 153 4499 tatis
181 4434 301 4499 obliti?
346 4434 423 4500 Non
452 4440 501 4500 est
530 4437 591 4519 ita,
619 4434 793 4516 auditores,
820 4455 887 4498 non
916 4437 979 4500 est:
1007 4432 1064 4498 sed
1089 4433 1181 4499 docti
1202 4454 1307 4516 aeque

77 4563 144 4602 cum
169 4541 319 4620 indoctis,
354 4543 405 4604 vel
427 4543 536 4626 magis
563 4542 664 4609 etiam
699 4543 763 4633 illi,
798 4567 933 4616 saevam
963 4545 1161 4616 sentiebant
1185 4541 1332 4610 uecessi-
