2760 4868
606 188 822 249 ..14-

100 344 146 409 At
176 348 291 408 nostra
323 347 428 408 aetate
461 348 511 409 tot
540 345 686 409 fortunae
715 345 862 428 publicae
890 344 1098 429 privataeque
1127 343 1269 427 pericula
1297 347 1330 407 et

100 451 212 515 ruinae
245 451 285 516 ab
318 450 494 515 humilibus
523 452 638 517 ltudiis
667 453 706 517 ad
736 474 841 515 rerum
871 451 1057 515 caelestium
1084 449 1328 533 contemplatio-

100 578 174 623 nem
203 557 265 622 iam
294 580 445 623 revocare
475 560 601 623 animos
625 559 812 623 mortalium
835 558 1009 640 incipiunt,
1036 578 1074 621 ac
1097 556 1234 620 sublime
1258 577 1329 641 spe-

100 668 189 729 ctare
232 665 362 729 docent:
407 664 587 730 Fridericus
630 664 808 729 Guilelmus
846 668 939 746 vcro,
984 668 1021 728 ut
1063 684 1174 728 omnes
1215 663 1331 746 implet

100 772 176 836 boni
204 772 361 856 principis
388 794 553 855 numeros,
583 774 629 837 ita
656 776 825 856 utramque
854 771 981 836 laudem
1008 770 1188 855 coniungit,
1216 775 1249 835 et
1277 770 1330 834 lit·

99 882 241 943 terarum
270 901 397 943 summa
419 902 492 944 cum
515 879 708 944 liberalitate
732 901 770 943 ac
793 878 1013 942 munificentia
1036 877 1269 961 stabilitarum,
1297 881 1331 941 et

25 1001 32 1013 ·
101 985 233 1070 pietatis
261 986 409 1071 eximiae,
437 1008 533 1071 qnam
563 987 655 1070 quasi
683 985 864 1069 exemplum
894 984 1054 1069 quoddam
1084 985 1234 1069 antiquae
1257 984 1330 1048 reli-

100 1093 224 1178 gionis,
264 1092 354 1175 fidei,
397 1092 569 1176 probitatis
608 1094 846 1176 praemonstrat
882 1091 1020 1177 egregie.
1078 1089 1251 1176 Equidem,
1294 1094 1333 1155 ut

99 1221 184 1264 nunc
212 1199 247 1264 in
270 1221 307 1266 eo
331 1222 383 1264 me
406 1201 604 1283 contineam,
633 1199 717 1284 quod
741 1198 837 1263 nobis
860 1197 1041 1281 proximum
1065 1197 1204 1281 videtur,
1232 1220 1332 1282 quum

100 1306 276 1385 considam,
301 1307 417 1391 quibus
441 1307 652 1391 temporibus,
677 1311 796 1390 quanto
821 1309 960 1388 sumptu,
984 1327 1080 1389 quam
1103 1304 1194 1369 brevi
1214 1305 1332 1389 spatio,

100 1435 199 1498 quam
222 1415 402 1479 incredibili
421 1414 605 1499 studiorum
622 1413 912 1498 promovendorum
932 1412 1055 1495 ardore,
1079 1412 1213 1496 denique
1231 1434 1333 1497 quan·

99 1521 142 1585 tis
176 1521 376 1586 successibus
407 1521 487 1586 haec
520 1522 684 1586 doctrinae
718 1520 827 1584 schola
862 1519 1007 1602 condita,
1045 1523 1153 1602 aucta,
1188 1520 1335 1603 perfecta

100 1628 156 1692 sit:
184 1649 250 1693 non
272 1650 405 1712 possum
429 1628 508 1713 quin
531 1648 735 1693 commovear
756 1626 876 1710 partim
899 1624 998 1709 Regis
1023 1626 1252 1710 sapientissimi
1278 1647 1332 1712 ge-

100 1734 225 1798 nerosis
251 1735 410 1799 institutis
438 1739 471 1799 et
498 1735 643 1800 consiliis
650 1785 658 1818 ,
691 1733 806 1818 quibus
833 1754 899 1796 non
927 1732 1022 1797 nobis
1051 1733 1142 1817 solis,
1170 1734 1225 1798 sed
1255 1733 1333 1798 Ger-

103 1828 231 1906 maniae
254 1843 437 1927 universae,
460 1864 563 1927 neque
586 1842 662 1906 huic
683 1845 811 1906 tantum
835 1840 950 1922 aetati,
974 1838 1029 1903 scd
1053 1840 1187 1905 sacculis
1211 1840 1333 1905 futuris

103 1948 266 2013 consuluit
288 1949 553 2033 fructuosissime,
576 1949 695 2032 partim
718 1968 918 2012 summorum
941 1945 1119 2030 hominum,
1142 1947 1259 2030 quibus
1280 1948 1334 2012 lit·

101 2058 243 2118 terarum
280 2056 382 2119 tutela
420 2056 504 2138 apud
539 2078 600 2120 nos
632 2054 826 2118 demandata
858 2056 918 2134 est,
956 2053 1140 2136 prudentia,
1177 2055 1334 2138 bonitate,

102 2160 263 2225 industria
293 2162 457 2246 singulari.
503 2162 612 2246 Atque
642 2162 704 2226 hoc
731 2162 801 2225 loco
825 2159 905 2224 mihi
928 2181 985 2223 vos
1010 2160 1223 2244 compellandi
1246 2162 1335 2239 estis,

103 2267 339 2332 commilitones
368 2268 560 2334 suavissimi.
605 2267 734 2350 Videte,
763 2267 874 2351 quanti
906 2288 962 2331 vos
986 2267 1099 2331 civitas
1122 2267 1200 2332 haee
1223 2266 1334 2352 faeiat,

104 2395 186 2458 quae
209 2375 326 2439 vestris
350 2375 466 2439 studiis
489 2376 684 2459 palaestram
708 2373 868 2458 aperuerit
889 2372 1084 2456 huiusmodi,
1106 2376 1214 2438 vestra
1234 2395 1334 2438 causa

101 2483 152 2544 tot
180 2480 322 2566 undique
351 2482 577 2546 convocaverit
604 2482 753 2546 doctores
782 2481 913 2556 artium,
947 2483 1054 2544 vestra
1080 2501 1177 2545 causa
1205 2484 1331 2544 tantem

102 2587 293 2653 eruditionis
322 2589 489 2653 universae
518 2588 748 2672 supellectilem
777 2585 1026 2670 comparaverit:
1054 2585 1158 2650 videte
1182 2586 1217 2650 in
1242 2586 1332 2651 vobis

102 2694 180 2777 poni
209 2716 299 2778 spem
327 2695 465 2778 patriae,
493 2717 575 2779 quae
603 2716 643 2758 ne
671 2693 712 2758 ad
740 2693 866 2758 irritum
891 2690 997 2773 cadat,
1025 2696 1117 2757 tanta
1140 2715 1216 2757 cura
1238 2693 1331 2758 insti-

103 2800 264 2866 tutionem
288 2805 428 2866 vestram
452 2801 605 2886 dignatur
627 2823 678 2865 res
701 2800 846 2885 publica:
871 2798 975 2863 videte
999 2801 1146 2883 exempla
1163 2800 1331 2884 maiorum,

105 2909 380 2992 exspectationem
404 2912 588 2993 parentum,
610 2911 784 2993 praecepta
807 2906 1052 2991 magistrorum,
1075 2907 1265 2992 religionem
1289 2907 1332 2970 le-

104 3034 197 3099 gum3
231 3015 310 3081 haec
343 3017 439 3080 etiam
471 3020 567 3100 atque
595 3016 694 3081 etiam
721 3014 935 3096 considerate,
968 3017 1063 3099 atque
1091 3014 1199 3078 animo
1227 3015 1332 3098 capite

103 3120 270 3206 virtutem,
307 3126 344 3186 ut
380 3122 495 3207 dignos
533 3144 587 3187 vos
620 3122 808 3188 muneribus
840 3121 954 3204 tantis,
991 3120 1107 3205 dignos
1141 3124 1233 3185 tanta
1266 3143 1332 3206 spe,

105 3227 222 3314 dignos
245 3233 352 3294 vestro
376 3229 446 3294 loco
470 3232 503 3293 et
525 3229 636 3294 ordine
660 3230 841 3313 praestetis.
887 3227 959 3311 Sed,
982 3229 1106 3312 opinor,
1129 3229 1332 3293 currentibus

103 3336 260 3419 acclamo,
292 3341 329 3401 ut
359 3338 503 3400 currant:
536 3337 692 3420 plurimos
722 3341 806 3401 certe
836 3340 978 3400 vestrum
1006 3335 1086 3399 scire
1115 3334 1194 3399 mihi
1222 3335 1333 3399 videor

103 3442 257 3508 laudabili
285 3444 465 3508 litterarum
493 3443 601 3508 studio
629 3443 779 3527 flagrare,
812 3464 1000 3527 morumque
1028 3442 1188 3507 modestia
1215 3446 1249 3506 et
1276 3442 1332 3506 ho·

104 3553 230 3614 aestate
258 3549 402 3634 insignes
431 3570 509 3614 esse.
555 3548 642 3614 Num
671 3550 788 3614 mirum
814 3550 877 3614 iam
896 3548 1041 3633 videtur,
1066 3548 1128 3614 hoc
1151 3549 1254 3633 Rege,
1280 3547 1332 3611 his

103 3657 212 3740 regiae
244 3656 419 3721 voluntatis
452 3655 665 3734 administris,
702 3679 753 3742 ac,
789 3657 883 3722 venia
915 3657 959 3720 sit
991 3656 1122 3740 dicenti,
1156 3656 1207 3720 his
1240 3677 1332 3738 prae·

105 3761 289 3846 captoribus
319 3766 351 3826 et
373 3761 539 3845 discipulis
562 3784 613 3826 res
637 3766 766 3827 nostras
790 3763 928 3827 crevisse
950 3763 1150 3847 felicissime,
1177 3762 1333 3847 novisque

103 3868 137 3933 in
167 3869 234 3935 dies
263 3869 470 3934 incrementis
498 3869 608 3954 augeri
638 3872 670 3934 et
694 3869 814 3952 ornari,
842 3869 978 3934 necdum
1002 3870 1123 3952 cepisse
1147 3869 1333 3934 detrimenti

105 3975 303 4060 quidquam?
351 3975 497 4040 Necdum
533 3975 706 4060 quidquam
736 3975 792 4040 ubi
820 3975 905 4057 dico,
938 3976 1061 4059 excipio
1089 3976 1135 4059 id,
1168 3977 1253 4061 quod
1282 3976 1333 4039 de·

105 4082 200 4146 vitari
229 4082 416 4147 humanitus
444 4104 511 4147 non
538 4086 674 4165 poterat.
701 4076 787 4146 'Hic
815 4083 887 4167 quis
916 4077 1058 4148 vestrum
1085 4105 1150 4147 non
1179 4083 1335 4168 intelligit

105 4187 265 4272 deplorari
289 4211 308 4253 a
330 4211 382 4253 me
405 4188 503 4253 funus
525 4188 617 4272 illud,
644 4188 820 4271 auditores,
844 4189 927 4271 quod
951 4212 1054 4273 nuper
1077 4190 1224 4255 duximus
1246 4190 1334 4254 haud

106 4296 174 4359 sine
201 4295 348 4380 gemitu?
398 4294 424 4360 0
448 4296 598 4361 acerbam
627 4295 964 4360 commemorationem
992 4296 1086 4360 istius
1115 4297 1233 4379 luctus,
1259 4294 1335 4381 ‘qua

104 4404 231 4469 utinam
258 4403 322 4469 diei
349 4403 444 4468 huius
471 4403 620 4468 hilaritas
649 4401 872 4468 contristanda
898 4425 964 4467 uon
991 4403 1118 4468 fnisset:
1151 4426 1249 4487 quum
1277 4405 1334 4467 im-

75 4510 216 4576 mtara
237 4514 349 4573 morte
372 4511 557 4594 carperetur
578 4511 643 4598 illc,
667 4530 732 4597 quo
754 4530 850 4575 nemo
869 4507 965 4574 nobis
983 4531 1054 4574 esse
1072 4509 1173 4574 carior
1193 4514 1336 4592 poteram
