2760 4868
603 217 824 281 ,26-

101 401 177 464 ceps
206 380 304 445 etiam
332 380 365 443 in
389 382 492 444 semet
519 379 589 462 ipse
612 378 714 443 diram
737 379 821 443 hanc
849 378 1018 443 exercebat
1043 377 1248 462 tyrannidem
1276 399 1329 442 cu·

101 486 261 571 pidinum,
290 487 324 550 in
347 487 489 551 maxima
512 487 589 551 olim
612 487 758 571 potentia
781 485 1072 570 impotentissimus
1096 485 1197 549 animi
1219 485 1329 549 miser·

101 592 275 676 rimasque.
330 592 376 657 At
407 594 442 657 in
477 593 568 678 regia
600 597 709 658 mente
741 594 825 682 ratio
859 595 981 656 ceteras
1015 592 1174 678 gubernat
1206 595 1330 677 partes3

102 705 219 784 parent
240 722 312 765 eum
340 701 506 766 iracundia
533 700 740 785 cupiditates:
769 700 845 764 hine
873 698 1046 783 sapientia,
1075 699 1234 784 aequitas,
1262 723 1331 764 mo·

102 808 240 892 derati03
272 808 347 873 hinc
376 809 547 874 concordia
575 830 701 872 summa
729 807 788 870 sub
817 807 954 871 rationis
981 806 1137 891 regimine
1165 806 1245 891 leni3
1273 829 1330 891 po-

104 917 223 979 stremo
248 915 358 979 divina
381 938 515 1000 prorsus
541 916 696 980 serenitas
719 915 879 999 rebusque
903 914 951 978 vel
982 912 1125 978 adversis
1148 913 1330 998 tranquilli-

103 1024 164 1085 tas.
209 1021 260 1085 lta
289 1043 398 1087 nonne
425 1022 580 1087 Friderici
607 1021 758 1086 Guilelmi
791 1021 900 1087 anima
928 1020 1117 1086 beatissima
1144 1024 1333 1104 comparata

106 1131 168 1212 est,
200 1129 326 1193 ratione
355 1133 485 1212 cuneta,
518 1129 587 1193 sine
615 1129 664 1193 ira
692 1133 726 1192 ct
754 1127 861 1192 studio
889 1129 1045 1213 gerentis,
1077 1151 1114 1193 ae
1140 1151 1207 1194 non
1234 1127 1331 1194 modo

102 1235 271 1319 subiectis,
294 1258 405 1300 verum
430 1236 493 1301 sibi
516 1235 809 1320 cupiditatibusque
833 1235 900 1299 suis
924 1236 1136 1320 imperantis?

191 1343 278 1407 Dens
303 1342 431 1428 Optime
459 1343 613 1424 Maxime,
643 1363 713 1406 cum
743 1344 798 1426 pia
826 1343 1032 1407 veneratione
1060 1344 1262 1427 appellamus
1290 1349 1332 1427 te,

102 1450 154 1514 eui
177 1449 366 1515 felicitatem
389 1454 514 1516 tantam
538 1449 705 1515 referimus
730 1455 903 1534 acceptam.
939 1448 986 1513 Tu
1011 1450 1106 1537 nobis
1131 1448 1347 1513 Fridericum'

104 1555 300 1621 Guilelmum
324 1580 389 1623 non
418 1558 513 1623 modo
538 1556 669 1640 dedisti,
698 1557 751 1622 sed
781 1557 937 1622 effinxisti
963 1557 1076 1635 talem,
1105 1558 1232 1641 qualem
1261 1579 1332 1622 sese

104 1664 170 1728 suis
203 1668 236 1729 et
266 1665 336 1729 orbi
370 1668 529 1729 terrarum
562 1665 737 1749 praestitit:
770 1669 805 1729 tu
839 1669 963 1731 atroces
996 1665 1077 1729 istas
1109 1665 1331 1749 immanesque

104 1774 259 1855 catervas,
282 1793 364 1856 quae
388 1772 428 1836 ad
447 1770 598 1835 Russiam
621 1771 865 1855 opprimendam
887 1771 1050 1856 profectae
1075 1776 1175 1856 erant,
1198 1772 1331 1856 frigore,

102 1878 203 1963 fame,
235 1879 321 1944 ferro
350 1878 509 1943 delevisti:
542 1882 578 1943 tu
606 1882 698 1943 tanto
728 1877 885 1962 supplicio
916 1879 950 1942 in
983 1879 1167 1944 mortalium
1199 1882 1332 1962 pectora

104 1986 296 2051 revocavisti
319 1986 490 2070 pietatem,
519 2007 631 2050 sensus
654 1985 888 2069 nobilissimos,
916 1986 1040 2069 patriae
1068 1985 1216 2070 inprimis
1244 2007 1331 2051 amo

103 2115 171 2158 rem
203 2093 364 2175 excitasti,
397 2093 642 2157 confirmavisti:
675 2095 711 2155 tu
734 2096 844 2157 tantos
868 2095 997 2176 tamque
1020 2093 1202 2176 praeclaros
1235 2093 1332 2158 nobis

104 2200 283 2266 conciliasti
312 2200 429 2282 socioS,
462 2200 707 2284 principumque
741 2201 865 2264 animos
899 2199 938 2264 ad
967 2200 1171 2264 concordiam
1198 2199 1330 2264 flexisti:

101 2310 138 2371 tu
162 2307 231 2390 ipse
255 2328 312 2391 per
334 2306 552 2371 instrumenta
575 2307 657 2372 haec
680 2307 868 2372 clementiae
891 2310 966 2370 tuae
985 2310 1094 2371 tantas
1116 2306 1247 2390 gessisti
1270 2329 1331 2372 res.

104 2413 186 2479 Tum
215 2415 302 2478 salve
333 2418 383 2497 tu,
411 2412 479 2478 Rex
507 2415 665 2498 laureate,
693 2415 783 2479 cuius
812 2414 964 2496 auspiciis
987 2414 1048 2478 hoc
1075 2413 1196 2478 bellum
1226 2435 1332 2478 susee-

102 2523 194 2604 ptum
218 2542 256 2584 ae
279 2520 485 2606 profligatum
511 2525 573 2606 est,
598 2522 696 2606 salve,
720 2524 753 2585 et
781 2521 813 2584 in
838 2524 1013 2585 extremam
1037 2524 1235 2585 senectutem
1260 2521 1331 2586 vive

103 2626 188 2710 apud
215 2648 276 2691 nos
309 2626 495 2712 incolumis,
529 2627 615 2692 felix.
667 2626 795 2692 Salvete
828 2648 898 2709 vos,
930 2627 1050 2692 milites
1080 2627 1238 2712 ducesque
1266 2628 1331 2693 for-

102 2733 234 2818 tissimi,
263 2756 399 2819 quorum
423 2734 589 2799 laboribus
617 2739 651 2799 et
679 2734 836 2820 sanguine
865 2735 952 2799 bona
978 2734 1073 2799 nobis
1103 2757 1229 2799 summa
1257 2756 1331 2803 eum

102 2841 208 2925 pacali
241 2842 312 2906 olea
343 2840 510 2925 redempta
542 2846 630 2927 sunt,
668 2843 790 2907 salvete
822 2841 1071 2925 commilitones,
1108 2842 1163 2926 qui
1199 2864 1236 2905 ex
1269 2842 1332 2907 hae

60 2985 63 2989 ·
102 2948 282 3014 studiorum
310 2949 474 3032 palaestra
502 2948 535 3012 in
563 2949 735 3032 ampliores
759 2949 957 3033 proeliorum
985 2970 1117 3032 campos
1145 2949 1254 3013 emissi
1283 2969 1333 3012 re·

102 3053 195 3119 distis
214 3076 301 3119 nunc
320 3055 425 3139 gloria
446 3055 576 3120 victrice
600 3056 715 3120 ornati.
753 3053 797 3120 Et
816 3055 870 3140 qui
894 3056 1107 3140 exspirarunt,
1131 3056 1220 3120 beati
1245 3058 1330 3120 sunt.

102 3159 207 3226 Nemo
235 3161 309 3228 illos
339 3163 481 3227 lacrimis
510 3163 650 3228 decoret:
683 3185 820 3246 corpora
848 3164 1019 3247 quiescunt
1046 3163 1078 3226 in
1107 3184 1200 3247 pace,
1230 3162 1331 3227 animi

102 3270 224 3355 vivunt,
247 3271 328 3335 vivit
346 3291 465 3334 nomen
488 3291 525 3334 ac
548 3270 636 3335 vivet
654 3292 711 3355 per
735 3293 791 3336 ora
809 3270 988 3334 hominum:
1012 3273 1148 3353 nepotes
1172 3270 1234 3334 seri
1258 3269 1330 3334 illo·

102 3398 174 3441 rum
197 3377 305 3442 colent
328 3382 472 3441 sanct-am
497 3379 694 3443 memoriam.

191 3483 359 3548 Postremo
388 3505 513 3570 precor,
546 3489 582 3549 ut
608 3486 696 3550 Deus
724 3484 845 3570 Regem
875 3483 1162 3568 sapientissimum,
1193 3484 1330 3548 iustissi-

103 3613 200 3675 mum,
223 3592 520 3678 clementissimum,
539 3592 784 3677 principemque
803 3592 895 3676 regni
915 3591 1064 3655 heredem
1084 3590 1331 3675 magnanimum

103 3719 175 3762 cum
194 3699 345 3763 universa
363 3697 458 3765 domo
479 3699 628 3786 Augusta
647 3703 761 3783 servet,
784 3702 890 3763 servet
910 3699 1021 3782 populi
1040 3696 1203 3762 Borussici
1222 3697 1332 3781 robur,

102 3805 254 3890 gloriam,
278 3805 428 3892 virtutes,
453 3810 558 3873 servet
581 3828 693 3890 pacem
717 3806 877 3871 bonorum
901 3806 1057 3889 omnium,
1086 3805 1183 3869 etiam
1212 3805 1330 3868 artium

101 3910 348 3997 litterarumque
370 3915 528 3980 nutricem
552 3915 681 3979 almam.
728 3913 816 3989 Quae
844 3916 921 3978 vota
945 3913 991 3977 ita
1018 3916 1089 3977 rata
1116 3911 1215 3976 faeiat
1243 3934 1330 3976 sum-

102 4040 191 4086 mum
214 4041 344 4102 numen,
369 4025 406 4087 ut
428 4027 504 4088 sunt
527 4046 546 4087 a
569 4022 663 4086 nobis
687 4021 837 4105 religiose
860 4021 958 4085 facta.
