2760 4868
599 189 815 254 -38-

88 369 147 412 res
179 348 238 413 fios
270 349 467 414 laetissimus
501 349 679 413 exstinctus
707 352 769 432 est,
802 349 1027 414 universitates
1060 349 1255 432 scholarum,
1287 352 1324 414 ut

95 454 273 520 Britannos
298 455 460 539 omittam,
486 455 519 519 in
543 454 650 520 Gallia
671 454 833 541 Italiaque
856 479 894 521 ac
918 457 1068 539 deinceps
1090 457 1126 519 in
1150 456 1323 521 Germania

95 562 263 626 extiterint
288 562 471 647 renatisque
494 561 612 626 litteris
635 563 835 628 incrementa
858 563 1014 648 ceperint,
1043 562 1213 649 caliginem
1237 585 1323 627 meu·

95 668 183 733 tibus
210 669 417 753 dispulerint,
446 669 613 753 religionis
641 670 779 753 purioris
807 670 913 734 fontes
945 669 1130 753 aperuerint
1156 670 1324 755 lucemque

97 774 349 859 disseminarint,
385 780 548 859 postremo
581 776 745 841 doctrinas
778 776 933 859 plurimas
967 776 1077 841 sedulo
1111 777 1324 841 excoluerint:

96 881 260 946 neminem
283 882 365 947 mihi
388 882 528 947 arbitror
551 883 772 947 adversarium
792 882 870 966 fore,
894 883 922 946 si
942 885 1056 947 nostra
1075 887 1180 947 aetate
1199 883 1326 947 uuiver-

99 989 213 1053 sitates
242 989 377 1054 dixerim
406 990 534 1054 scholas
561 990 748 1073 potissimas
776 993 833 1054 aut
860 1011 931 1053 esse
959 994 1015 1054 aut
1041 1010 1111 1053 esse
1134 990 1262 1073 debere,
1290 991 1325 1054 in

97 1095 212 1178 quibus
244 1100 281 1160 ut
313 1100 464 1179 parentes
495 1096 536 1160 ad
568 1096 687 1161 liberos
715 1097 830 1178 vitam,
862 1096 907 1160 sic
938 1096 1150 1161 eruditionem
1184 1097 1325 1162 solidam

97 1206 131 1267 et
164 1201 329 1267 scientiam
362 1225 420 1286 pro
450 1205 568 1267 saeculi
599 1204 751 1288 cuiusque
784 1203 896 1268 habitu
927 1208 1084 1288 quantum
1115 1205 1184 1268 fieri
1215 1209 1327 1288 potest

98 1308 281 1373 absolutam
314 1309 460 1373 doctores
492 1311 526 1374 in
560 1333 617 1375 suo
648 1331 764 1395 genere
796 1309 931 1393 perfecti
961 1310 1000 1374 ad
1033 1311 1221 1396 progeniem
1249 1311 1325 1376 ado-

97 1415 272 1480 lescentem
303 1419 493 1501 propagent
544 1416 647 1494 Quam
681 1439 757 1482 vero
790 1417 958 1481 scientiam
991 1417 1075 1496 dico,
1106 1439 1173 1482 non
1204 1419 1239 1482 in
1272 1440 1325 1482 ex-

98 1522 258 1606 perientia
284 1523 483 1588 extrinsecus
510 1524 614 1608 petita
642 1528 674 1588 et
700 1523 886 1609 cognitione
913 1524 1001 1588 varia
1028 1546 1135 1589 rerum
1159 1525 1325 1608 adspecta·

102 1629 216 1694 bilium
239 1630 291 1693 vel
315 1630 461 1694 sensibus
486 1630 711 1714 subiectarum,
736 1652 802 1694 non
824 1630 859 1694 iu
882 1652 988 1695 rerum
1013 1634 1176 1716 gestarum
1200 1634 1234 1695 et
1256 1631 1326 1715 pla-

99 1737 235 1801 citorum
263 1737 381 1800 notitia
412 1737 545 1821 tradita,
576 1759 643 1802 non
674 1739 710 1801 in
735 1738 909 1801 memoriae
941 1738 1062 1802 viribus
1090 1738 1139 1802 vel
1168 1738 1326 1802 acuminis

100 1844 245 1909 artificiis
274 1843 471 1929 quibuslibet
498 1866 535 1909 ac
564 1844 707 1909 sollertia
734 1845 916 1928 ponendam
944 1845 1096 1929 arbitror;
1129 1846 1184 1909 sed
1215 1867 1327 1930 quam-

100 1972 198 2035 quam
231 1971 333 2035 genus
363 1950 542 2016 humanum
575 1951 643 2015 sine
676 1973 828 2016 sensuum
861 1952 1056 2018 adminiculo
1084 1955 1117 2016 et
1144 1952 1326 2016 ministerio

101 2077 212 2141 gerere
244 2055 323 2121 nihil
357 2060 477 2142 potest,
512 2062 622 2122 tamen
654 2058 792 2122 scientia
823 2059 857 2121 in
888 2059 1012 2123 ratione
1044 2064 1189 2124 versatur
1219 2082 1327 2124 rerum

100 2163 321 2228 universarum
349 2164 497 2229 notiones
529 2165 718 2248 purissimas
752 2167 895 2246 tenente,
928 2186 1010 2249 quae
1042 2165 1179 2250 simplex
1207 2170 1240 2229 et
1267 2167 1328 2230 im·

101 2270 248 2334 mortalis
276 2274 309 2334 et
337 2275 469 2335 aeterna
496 2273 615 2337 caduco
643 2272 705 2336 hoe
728 2272 871 2356 corporis
898 2271 1059 2336 domicilio
1082 2273 1197 2355 utitur,
1225 2273 1327 2338 donec

102 2376 237 2441 vinculis
266 2378 382 2441 laxatis
410 2380 443 2442 et
470 2400 595 2444 carcere
624 2378 755 2443 effracto
780 2377 821 2442 ad
845 2378 1085 2442 sanctissimum
1109 2380 1214 2460 illurn,
1242 2379 1328 2443 uude

102 2484 246 2567 profecta
269 2488 326 2566 est,
350 2485 526 2567 sapientiae
549 2484 672 2550 fontem
695 2485 874 2550 revehatur.
910 2483 973 2549 Est
993 2490 1088 2570 certe,
1111 2490 1161 2549 est
1184 2486 1328 2550 divinum

103 2590 256 2675 quiddam
284 2591 319 2655 in
342 2592 505 2657 mentibus
527 2592 709 2676 homiuum,
736 2592 821 2676 quod
849 2613 1020 2677 corporeae
1044 2597 1178 2657 naturae
1201 2592 1328 2657 nebulis

103 2698 331 2764 obumbratum
355 2702 387 2762 et
410 2699 527 2764 inertia
551 2700 755 2784 consopitum
774 2699 906 2763 excitari
929 2702 1026 2784 atque
1049 2700 1200 2784 explicari
1224 2698 1330 2785 debet,

101 2809 139 2869 ut
169 2805 408 2889 pulchritudine
440 2806 539 2871 insita
570 2806 739 2890 splendeat
769 2810 942 2891 partesque
975 2807 1075 2870 animi
1107 2805 1340 2871 tenebricosas‘

100 2912 249 2977 illustret.
294 2911 383 2977 Haec
410 2913 458 2977 vis
486 2913 596 2978 divina
622 2917 731 2998 potest
756 2912 910 2976 mortales
938 2913 972 2976 in
999 2935 1123 2977 summo
1147 2913 1328 2997 sapientiae

102 3018 206 3103 gradu
233 3018 405 3084 collocare:
433 3020 512 3085 haec
538 3020 601 3084 dux
624 3021 768 3104 virtutis,
793 3020 873 3084 haec
901 3020 986 3084 vitae
1014 3020 1237 3105 gubernatrix:
1265 3020 1329 3084 huc

103 3129 153 3190 est
188 3125 341 3210 quidquid
380 3127 506 3211 agimus
544 3127 754 3212 dirigendum.
813 3125 911 3191 Recte
948 3127 1049 3212 igitur
1085 3127 1328 3191 liberalissimus

104 3233 237 3317 quisque
271 3232 356 3298 haud
394 3235 493 3298 alium
530 3235 684 3299 scientiae
720 3235 816 3298 finem
850 3234 965 3298 statuit
1001 3239 1130 3317 praeter
1162 3235 1329 3298 scientiam

102 3341 223 3424 ipsam,
251 3362 315 3425 qua
336 3361 439 3425 neque
462 3342 566 3406 maius
594 3342 770 3426 quidquam
791 3363 851 3406 nec
879 3340 1017 3405 divinius
1042 3341 1185 3405 invenire
1209 3342 1328 3424 possis:

103 3447 160 3511 illa
183 3469 259 3511 vero
283 3447 324 3511 ab
348 3447 483 3531 opificiis
511 3449 697 3533 artibusque
720 3448 924 3532 quaestuosis
952 3453 1010 3512 hac
1037 3449 1110 3531 ipsa
1131 3470 1165 3512 re
1189 3449 1329 3513 immane

104 3559 260 3638 quantum
285 3555 430 3619 seiuncta
453 3559 486 3619 et
509 3559 680 3647 segregata
702 3559 764 3639 est,
788 3555 872 3640 quod
896 3555 993 3618 finem
1017 3577 1178 3619 summum
1201 3556 1236 3619 in
1259 3578 1329 3620 sese

103 3662 281 3745 repositum
307 3662 420 3745 habet,
452 3661 536 3745 quod
570 3662 716 3746 singulas
747 3684 799 3726 res
828 3661 989 3747 quaslibet
1021 3662 1062 3726 ab
1091 3662 1215 3747 origine
1244 3685 1329 3727 com·

104 3769 193 3833 muni
216 3768 335 3852 repet‘t
357 3772 390 3832 et
412 3791 451 3832 ex
478 3768 591 3852 primis
615 3769 716 3834 initiis
740 3770 878 3854 colligit,
909 3769 1045 3853 denique
1068 3769 1154 3853 quod
1176 3791 1235 3835 nec
1259 3792 1330 3835 sen·

105 3897 199 3940 suum
226 3876 343 3940 iudicio
376 3897 480 3959 neque
509 3876 751 3959 opinationibus
778 3876 912 3960 decepta
940 3900 1054 3942 causas
1086 3900 1194 3941 rerum
1226 3899 1331 3942 remo-

103 3981 248 4046 tissimas
277 3981 395 4045 mentis
424 3986 456 4046 et
483 3982 666 4046 intellectus
694 3984 938 4067 perspicacitate
970 3987 1141 4049 scrutatur.
1187 3984 1330 4069 Quapro-

104 4092 177 4172 pter
199 4089 281 4153 istos
304 4088 420 4153 merito
444 4090 679 4154 contemnimus
702 4112 761 4156 nec
787 4113 861 4154 vere
885 4091 1028 4155 eruditos
1055 4091 1247 4175 iudicamus,
1275 4093 1330 4176 qui

105 4199 163 4259 aut
185 4194 378 4279 dignitatem
406 4194 625 4260 doctrinarum
653 4197 745 4264 unice
773 4220 812 4263 ex
840 4220 900 4262 usu
928 4199 1014 4262 vitae
1037 4198 1243 4283 quotidianae
1268 4200 1331 4263 exi·

106 4303 254 4387 stimant,
281 4304 339 4366 aut
360 4302 454 4386 panis
477 4307 510 4367 et
532 4304 669 4387 parandi
693 4306 797 4370 victus
825 4328 922 4370 causa
948 4306 1066 4370 litteris
1090 4328 1220 4389 operam
1245 4306 1332 4389 dant,

106 4412 163 4473 aut
188 4409 340 4474 interiore
368 4411 551 4494 cognitione
580 4412 729 4495 neglecta
756 4435 807 4476 res
829 4414 993 4498 vulgares,
1022 4436 1102 4498 quas
1129 4413 1231 4477 oculis
1260 4436 1330 4498 spe·

85 4515 159 4570 etes
185 4513 343 4596 agnusve
371 4517 562 4606 contingas,
594 4519 688 4606 quasi
716 4542 773 4607 per
803 4542 919 4587 uranus
945 4521 1096 4605 tradunt,
1119 4521 1332 4606 altioremque
