2760 4868
527 160 741 223 „40-

25 326 207 406 decantent,
225 322 365 406 primum
386 319 596 384 eruditionem
616 341 803 405 germanam
819 319 947 383 virtutis
965 341 1034 383 esse
1049 320 1251 405 magistram,

26 436 59 497 et
82 431 182 496 enimi
204 426 450 512 tranquillitatis
473 426 664 490 effectricem
688 425 918 491 validissimam
944 427 1116 510 contende,
1140 449 1160 490 a
1183 448 1252 510 per·

25 539 151 605 niciosa
164 538 228 601 ista
243 535 404 619 opinione,
423 555 505 619 quae
519 533 715 617 probitatem
732 556 752 597 a
771 533 906 599 scientia
926 534 1075 619 seiungit,
1093 535 1252 599 immenso

26 644 199 709 intervallo
229 642 370 706 dissitus
415 637 501 704 Nam
528 640 656 704 litterae
683 641 769 704 recte
792 640 896 704 cultae
921 662 1022 705 vanas
1045 662 1151 705 rerum
1175 640 1248 704 ima·

26 752 120 838 gines
145 770 345 833 erroresque,
368 748 484 832 quibus
507 747 587 811 vitia
610 746 768 831 originem
792 746 925 832 debent,
948 747 1122 832 profligant
1145 752 1178 812 et
1201 770 1251 812 ex·

28 859 183 944 stirpant:
208 882 226 921 a
245 857 330 921 curis
350 854 488 921 sordidis
508 854 689 918 abstractos
705 853 738 915 in
752 875 858 918 rerum
873 855 1069 937 optimarum
1088 859 1121 920 et
1139 855 1253 919 immu-

28 966 178 1031 tabilium
211 962 485 1046 contemplatione
518 961 728 1025 constituunt:
762 966 903 1026 remotos
931 985 951 1026 a
983 962 1254 1027 sollicitudinibus

30 1073 70 1138 ad
95 1094 259 1136 sacrorum
284 1069 466 1133 divinorum
489 1068 597 1131 fontes
621 1067 863 1150 limpidissimos
882 1068 1051 1153 deducunt,
1076 1091 1112 1133 ex
1137 1069 1255 1154 quibus

32 1180 119 1262 solis,
143 1178 218 1263 quid
242 1176 411 1261 pulchrum
436 1175 491 1252 sit,
519 1174 593 1258 quid
617 1173 804 1258 honestum,
827 1174 903 1259 quid
925 1176 1056 1241 homine
1079 1177 1255 1241 immortali

30 1288 163 1372 dignum
171 1337 179 1370 ,
207 1284 401 1369 ‚plenissime
432 1282 577 1346 hauries:
614 1281 690 1346 hinc
722 1285 879 1365 parantur
911 1304 1003 1367 opes,
1036 1306 1117 1368 quae
1151 1305 1256 1368 neque

31 1396 119 1458 furto
143 1392 237 1476 eripi,
263 1412 365 1476 neque
389 1387 537 1453 incendio
561 1388 673 1472 deleri,
701 1410 760 1453 nec
784 1389 911 1453 casibus
934 1390 1009 1453 ullis
1033 1390 1159 1456 absumi
1184 1414 1257 1475 que·

29 1505 100 1584 ent,
133 1498 209 1562 hine
236 1497 328 1579 fides,
358 1497 495 1579 iustitia,
526 1496 753 1578 temperantia,
786 1495 862 1560 hinc
889 1495 949 1560 riri
978 1517 1092 1581 graves
1121 1500 1154 1561 et
1181 1519 1256 1562 con·

30 1611 169 1688 stantes,
199 1605 253 1690 qui
282 1603 367 1688 quod
395 1604 559 1667 fortunam
587 1622 736 1685 spernere
765 1601 957 1686 didicerunt,
987 1605 1084 1669 rebus
1113 1606 1257 1670 adversis

30 1694 224 1795 inconcussi,
244 1711 445 1775 dominorum
465 1708 845 1793 imperiisimperterriti,
867 1711 956 1774 nulla
975 1712 1006 1775 vi
1026 1734 1122 1777 acne
1142 1713 1257 1777 mortis

32 1821 160 1908 quidem
189 1822 279 1883 metu
306 1819 432 1882 intento
461 1815 667 1900 subiguntur,
700 1819 737 1880 ut
763 1816 929 1900 proposito
958 1818 1122 1885 decedent.
1174 1818 1258 1895 Quo·

30 1951 101 1993 rum
131 1926 158 1991 si
187 1929 299 1990 nostro
328 1923 456 1988 saeculo
486 1922 580 2004 copia
603 1922 719 2007 exigua
746 1927 874 2006 reperta
896 1928 958 2008 est,
986 1926 1014 1990 si
1037 1926 1190 2009 humiles,
1219 1926 1258 1990 ti·

31 2032 149 2118 midos,
178 2033 382 2115 ambitiosos,
409 2034 624 2114 tyrannorum
652 2032 869 2094 assentatores
898 2031 1036 2097 vidimus
1064 2032 1151 2096 haud
1178 2056 1258 2117 pau·

31 2164 100 2226 eos,
128 2141 208 2206 istos
232 2161 270 2202 ex
293 2138 475 2203 litterarum
500 2134 606 2200 studio
631 2136 771 2201 fructum
798 2137 955 2221 optimum
979 2161 1044 2203 non
1068 2139 1260 2222 percepisse,

33 2250 87 2315 sed
120 2247 269 2314 flosculos
302 2244 458 2330 quosdam
491 2243 655 2308 doctrinae
691 2244 798 2308 aridos
831 2249 864 2308 et
896 2245 1022 2310 steriles
1060 2246 1259 2330 decerpsisse

33 2356 192 2421 existimo.
246 2351 333 2429 Nam
364 2356 401 2416 ut
433 2373 496 2416 uno
529 2350 626 2415 verbo
662 2351 765 2415 dicam
799 2352 885 2436 quod
909 2353 1025 2433 sentio,
1062 2354 1142 2417 haec
1178 2353 1259 2417 mihi

31 2463 213 2527 litterarum
242 2462 312 2524 laus
341 2457 622 2544 praestantissima
645 2462 677 2522 et
701 2459 826 2523 utilitas
856 2482 982 2524 summa
1005 2461 1145 2544 videtur,
1174 2461 1259 2545 quod

33 2570 215 2634 libertatem
240 2567 339 2631 animi
363 2566 511 2648 afferunt,
535 2587 599 2650 qua
623 2588 749 2629 summa
772 2567 900 2651 generis
922 2568 1054 2632 humani
1073 2569 1162 2633 bona
1184 2591 1259 2633 cou-

33 2677 185 2741 tinentur.
226 2674 319 2738 Illam
344 2678 452 2737 autem
475 2672 641 2737 doctorum
666 2672 922 2738 academicorum
946 2678 996 2739 est
1019 2677 1052 2739 in
1075 2676 1258 2740 adolescen-

33 2783 121 2847 tibus
157 2781 307 2867 ingenuis
344 2780 496 2857 ercitare,
537 2783 574 2843 ut
610 2779 747 2844 servitus
782 2781 879 2866 longe
916 2762 1155 2867 indignissima,
1195 2804 1260 2866 qua

33 2893 159 2954 mentes
188 2892 301 2972 captae
329 2891 418 2971 sunt,
446 2887 637 2972 excutiatur,
666 2891 703 2953 ut
729 2888 796 2952 vita
823 2887 967 2954 humana
995 2889 1194 2970 emendetur,
1223 2891 1260 2952 ut

34 2996 183 3082 diffugiat
220 2994 420 3079 superstitio,
457 2994 573 3079 religio
609 2995 828 3060 confirmetur:
866 2996 951 3080 quod
989 3019 1055 3061 non
1092 2996 1260 3080 proprium

34 3102 261 3188 philosophiae
285 3124 367 3185 esse,
393 3101 449 3165 sed
472 3123 491 3165 a
514 3100 675 3187 theologis
699 3103 838 3186 iurisque
862 3104 976 3188 peritis
999 3109 1032 3169 et
1054 3104 1186 3168 medicis
1211 3125 1260 3167 ae·

35 3232 96 3296 que
115 3211 183 3274 fieri
202 3231 297 3294 posse
317 3213 350 3273 et
373 3207 498 3291 debere,
521 3231 588 3273 non
607 3208 759 3293 estquod
781 3232 948 3293 exponam.
983 3210 1259 3287 Quemadmodum

35 3339 109 3382 vero
140 3316 267 3381 litterae
295 3314 477 3378 libertatem
502 3337 660 3379 summam
684 3320 815 3400 parant,
841 3317 888 3380 ita
915 3318 941 3381 si
969 3318 1049 3401 ipsis
1077 3317 1259 3381 libertatem

35 3423 152 3508 eripias
177 3427 210 3487 et
235 3421 382 3486 formulis
407 3421 502 3485 certis
524 3427 748 3507 praeceptores
768 3423 963 3508 adstringes,
986 3425 1098 3509 generi
1116 3424 1260 3489 humano

35 3532 161 3596 oculum
186 3528 353 3594 excideris:
378 3529 520 3593 silebunt
542 3528 654 3593 Musae
678 3531 799 3594 servitii
823 3531 1041 3615 impatientes3
1070 3552 1189 3616 magna
1213 3532 1260 3594 in·

35 3638 130 3723 genia
157 3635 345 3702 cessabunt:
374 3635 429 3701 sed
458 3636 599 3700 adulatio
627 3641 828 3722 prorumpet,
856 3660 914 3721 pro
943 3639 1087 3722 sapiente
1112 3639 1261 3722 stultitia,

35 3748 199 3829 postremo
228 3744 331 3808 scelus
359 3765 417 3827 pro
441 3743 559 3807 virtute
586 3742 805 3826 principatum
831 3745 963 3809 tenebit.
1009 3745 1053 3810 Εἴ
1080 3746 1260 3810 litterarum

36 3851 164 3935 quidem
188 3850 246 3914 flos
270 3872 307 3914 ac
336 3850 470 3914 libertas
493 3850 583 3914 nulla
606 3872 640 3913 re
664 3849 769 3935 magis
792 3850 961 3916 adiuvatur
991 3875 1087 3936 quam
1111 3854 1260 3918 coniunc-

34 3958 123 4022 tione
146 3956 208 4020 hao
232 3956 464 4041 doctrinarum,
493 3958 632 4041 quaein
656 3957 923 4023 universitatibus
947 3961 1069 4024 nostris
1094 3960 1263 4042 proposita

36 4068 94 4147 est,
117 4063 171 4127 ubi
191 4063 291 4128 altera
312 4063 444 4128 alterius
464 4064 570 4128 fructu
590 4063 776 4149 gaudentes,
799 4087 911 4130 omnes
931 4088 951 4130 a
970 4066 1132 4131 communi
1156 4066 1261 4149 philo-

35 4170 168 4255 sophiae
200 4169 269 4235 luce
302 4171 518 4253 illustrantur,
551 4174 583 4234 et
610 4172 845 4236 necessitudine
874 4196 911 4237 ac
939 4176 1147 4258 cognatione,
1180 4196 1262 4258 quae

35 4277 120 4342 inter
139 4298 251 4340 omnes
269 4277 448 4362 intercedit,
471 4279 594 4363 vigent:
619 4279 733 4363 quodsi
756 4303 836 4344 unus
856 4281 983 4345 animus
1004 4285 1053 4346 est
1071 4282 1263 4367 litterarum,

35 4406 100 4449 uno
129 4405 263 4468 corpore
291 4385 412 4470 optime
442 4385 655 4452 continentur.
700 4386 806 4472 Igitur
832 4389 936 4454 hostis
964 4391 1090 4474 generis
1119 4389 1263 4468 humani,

24 4491 223 4572 oblitteras,
255 4497 293 4555 ut
312 4493 501 4558 libertatem
526 4493 708 4560 animorum
733 4496 796 4560 sibi
822 4497 1035 4583 periculosam
1058 4496 1264 4580 opprimeret,
