2760 4868
620 159 839 224 ..32-

116 316 208 399 dicit,
240 318 420 382 divinarum
449 318 546 381 etiam
578 341 687 383 rerum
715 320 972 404 litterarumque,
1004 318 1121 402 quibus
1151 317 1241 383 Deus
1269 318 1344 383 reli·

117 425 224 506 gionis
248 447 342 489 verae
366 425 546 490 doctrinam
570 425 691 490 includi
715 425 866 507 voluerit,
890 447 1000 489 curam
1024 426 1240 509 complexum:
1269 448 1343 490 cum

116 531 217 596 doctis
250 532 375 617 piisque
406 532 483 596 viris
515 533 678 615 pensita-ta
713 554 747 597 re
785 532 928 597 ecclesiis
965 531 1156 616 praefecisse
1193 533 1342 598 homines

115 638 301 722 cognitione
329 638 487 723 evangelii
519 638 601 703 bene
634 639 811 704 instructos
839 638 1045 724 moribusque
1073 639 1185 723 probis
1217 639 1342 723 praedi·

115 747 181 809 tos:
205 748 238 809 εὴ
261 745 345 829 quod
365 746 538 829 posteritas
558 745 676 810 habere
697 745 844 811 doctores
868 745 1034 830 religionis
1057 768 1123 811 non
1141 747 1256 831 possit,
1278 747 1343 811 nisi

115 852 241 916 litterae
273 853 433 937 colantur,
464 873 523 916 nec
556 853 625 917 sine
655 851 707 917 his
739 852 811 916 iura
842 856 875 916 et
909 851 1015 917 officia
1048 853 1158 917 civilia
1189 853 1343 938 pleraque

114 958 245 1023 retineri
274 964 409 1043 queant,
435 959 470 1023 in
498 958 624 1042 oppidis
652 959 774 1042 passim
805 959 933 1023 scholas
955 959 1109 1043 pueriles,
1133 960 1188 1023 ubi
1211 961 1343 1044 linguae

115 1064 250 1130 Latinae
279 1071 312 1130 et
338 1066 411 1130 fidei
441 1063 644 1130 Christianae
673 1066 830 1130 elementa
858 1066 1075 1151 traderentur,
1107 1066 1238 1131 tandem
1265 1088 1342 1130 vero

114 1171 327 1257 Regiomonte
361 1172 558 1238 academiam
592 1174 812 1251 constituisse,
845 1175 878 1237 in
907 1196 970 1259 qua
1003 1178 1035 1238 et
1067 1178 1154 1238 artes
1183 1172 1342 1237 honestae

114 1302 226 1344 omnes
255 1280 366 1345 ordine
391 1282 424 1344 et
446 1280 570 1364 integre
602 1280 851 1364 explicarentur,
879 1284 912 1344 et
934 1280 1079 1366 linguae,
1107 1302 1244 1365 quarum
1268 1302 1342 1366 cog·

112 1388 195 1452 nitio
228 1388 380 1452 ecclesiae
413 1387 605 1464 necessaria,
638 1388 845 1451 discerentur.
899 1386 981 1451 Fore
1013 1389 1147 1470 multos,
1184 1388 1239 1474 qui
1272 1410 1341 1452 rem

113 1493 254 1558 divinam
283 1494 399 1558 leviter
427 1497 588 1576 cursatea,
617 1494 667 1557 vel
695 1494 830 1577 imperia
857 1498 984 1558 tantum
1012 1495 1044 1558 vi
1072 1499 1105 1559 et
1132 1496 1245 1579 armiS,
1272 1518 1341 1560 non

113 1600 268 1685 religione
296 1601 486 1685 legibusque
514 1603 547 1664 et
575 1600 744 1683 disciplina
772 1601 911 1685 regenda
943 1601 1137 1684 arbitrantes
1168 1602 1341 1667 consilium

114 1728 207 1771 suurn
230 1706 484 1791 reprehendant:
509 1706 569 1770 sibi
593 1710 703 1771 tamen
726 1707 870 1772 instituti
893 1708 1053 1772 rationem
1077 1709 1240 1792 praeclare
1264 1731 1340 1773 oon-

113 1818 212 1897 stare,
241 1813 295 1898 qui
318 1814 455 1898 primam
484 1814 626 1878 omniurn
655 1815 689 1878 in
712 1836 747 1878 re
770 1814 900 1897 publica
923 1814 1132 1899 gubernanda
1154 1817 1339 1900 principum

113 1942 223 1984 curam
251 1915 320 1985 esse
336 1920 458 1985 'debere
482 1922 576 2003 sciat,
603 1926 639 1986 ut
667 1921 810 2006 cognitio
833 1920 893 1985 Dei
921 1926 1011 1987 recta
1033 1924 1098 1988 late
1126 1928 1339 2009 propagetur,

112 2031 145 2090 et
173 2027 340 2111 subiectis,
374 2049 510 2111 quorum
540 2028 670 2113 egregia
698 2028 731 2092 in
761 2028 911 2112 periculis
938 2028 1039 2113 ipsius
1068 2029 1169 2094 virtus
1198 2033 1231 2094 et
1258 2029 1340 2094 fides

111 2132 220 2218 fucrit,
245 2133 329 2198 hanc
353 2135 492 2219 gratiam
514 2135 715 2199 referendam
740 2135 847 2218 fuisse,
871 2139 907 2199 ut
928 2136 1068 2218 patriam
1091 2159 1211 2221 eorum,
1235 2146 1369 2221 quan?

110 2245 181 2304 tum
204 2245 323 2324 posset,
345 2241 439 2305 bonis
463 2241 613 2326 genuinis
636 2245 774 2307 ornaret.
815 2241 883 2325 „Sit
905 2263 1024 2327 magna
1043 2244 1115 2308 laus
1133 2243 1338 2310 Athenarum

40 2412 42 2416 Α
111 2351 144 2411 εὴ
167 2345 316 2431 Spartae,
343 2348 460 2433 inquit,
488 2348 573 2431 quod
602 2349 755 2413 honestas
782 2348 871 2432 leges
899 2349 1086 2414 habuerint:
1120 2354 1230 2415 tamen
1257 2351 1339 2415 haec

111 2454 215 2517 maior
247 2459 296 2519 est
326 2459 359 2519 et
391 2454 490 2518 servit
516 2455 601 2519 vitae
632 2458 793 2538 aeternae,
827 2453 912 2539 quod
945 2453 979 2518 in
1007 2455 1068 2520 hac
1100 2456 1232 2540 regione
1263 2479 1340 2521 vera

111 2560 148 2625 de
171 2559 241 2625 Deo
271 2560 388 2625 notitia
411 2562 510 2642 lucet,
539 2565 571 2625 εὴ
602 2566 638 2625 ut
661 2584 827 2646 speramus
852 2561 906 2625 diu
935 2562 1082 2627 lucebit“
1127 2563 1240 2646 Itaque
1264 2586 1337 2646 pro-

110 2672 182 2751 pter
201 2668 363 2751 publicam
387 2673 420 2733 et
439 2668 611 2733 Borussiae
635 2674 668 2734 et
687 2669 832 2754 gentium
857 2668 1035 2733 vicinarum
1057 2669 1230 2734 utilitatem
1250 2670 1337 2735 viros

109 2774 252 2840 eruditos
276 2780 309 2839 et
330 2775 490 2859 insignes,
514 2776 569 2860 qui
592 2775 710 2858 partim
735 2775 968 2860 grammaticen
992 2775 1139 2840 Latinam
1170 2776 1338 2842 traderent

110 2885 206 2967 atque
236 2882 277 2946 ad
299 2904 414 2967 puram
443 2885 475 2945 εὴ
502 2882 647 2946 nativam
675 2882 833 2947 sermonis
863 2881 1001 2946 Romani
1029 2883 1168 2947 formam
1196 2884 1231 2947 in
1260 2884 1336 2949 scri·

109 2988 227 3067 bendo,
260 2993 416 3074 quantum
444 2989 513 3053 fieri
545 2992 670 3072 posset,
702 2989 900 3052 iuventutem
934 2989 1183 3072 assuefacerent,
1216 2991 1336 3072 partim

109 3094 251 3160 Graecae
294 3094 535 3178 Hebraicaeque
577 3096 708 3180 linguae
750 3098 897 3159 auctores
939 3100 1172 3179 proponerent,
1216 3096 1335 3179 partim

108 3202 333 3287 philosophiae
362 3224 398 3266 ac
422 3201 655 3266 mathematum
683 3201 791 3285 initia,
818 3202 932 3285 iusque
961 3201 1054 3266 civile
1082 3205 1115 3266 et
1143 3206 1246 3266 artem
1270 3225 1335 3266 me-

109 3309 211 3374 dicam
245 3308 409 3391 docerent,
447 3308 572 3372 salariis
607 3308 739 3373 allectos
772 3329 842 3372 esse
874 3306 1084 3392 largioribus,
1123 3331 1219 3392 quam
1253 3331 1335 3393 quae

107 3438 165 3501 per
187 3414 393 3479 Germaniam
421 3414 542 3479 usitata
570 3419 686 3480 essent.
733 3414 943 3478 Accessiones
966 3415 1044 3498 quin
1074 3416 1172 3479 etiam
1200 3415 1241 3479 iis
1264 3416 1335 3498 pol-

108 3523 217 3587 licitus
250 3526 313 3607 est,
346 3544 426 3607 quos
455 3522 637 3587 academiae
664 3523 738 3606 plus
766 3521 919 3605 prodesse
948 3522 1243 3587 animadvertisset:
1276 3524 1334 3587 im-

107 3630 285 3694 munitates
310 3631 423 3695 solitas
446 3631 597 3714 promisit
621 3635 654 3694 et
675 3629 845 3714 privilegia
873 3628 1089 3713 impetranda,
1119 3652 1201 3715 quae
1224 3633 1335 3693 tamen

108 3759 211 3821 neque
235 3738 275 3801 ab
294 3735 491 3821 Imperatore
514 3760 619 3823 neque
642 3759 661 3801 a
684 3736 838 3800 Pontifice
862 3733 1018 3821 Romana,
1041 3737 1097 3801 sed
1121 3759 1140 3801 a
1164 3737 1234 3802 solo
1257 3726 1334 3821 rege

106 3842 261 3909 Poloniac
294 3865 445 3909 concessa
477 3848 566 3910 sunt:
600 3852 763 3928 postremo
796 3843 939 3927 regimen
968 3866 1092 3908 morum
1122 3843 1334 3927 commendat,

108 3973 203 4035 seque
226 3953 332 4036 ipsum
356 3953 440 4016 hanc
463 3952 664 4036 provinciam
693 3954 915 4033 suscepturum
939 3951 1116 4034 praedicat,
1145 3954 1182 4015 nt
1210 3950 1265 4034 qui
1293 3951 1333 4014 ad

105 4059 258 4123 virtutem
281 4059 366 4124 flecti
389 4059 507 4142 nolint,
534 4062 774 4141 removeantur,
803 4057 888 4142 quod
912 4057 947 4120 in
971 4058 1144 4122 academiis
1169 4056 1332 4141 plerisque

106 4166 257 4232 omnibus
289 4167 435 4248 exempla
464 4170 635 4230 cernantur
667 4164 839 4247 eiusmodi,
872 4186 954 4248 quae
987 4187 1052 4228 non
1084 4163 1180 4228 ruodo
1214 4164 1333 4228 scholis

107 4269 314 4355 Christianis,
343 4271 399 4337 sed
427 4294 467 4335 ne
495 4273 561 4336 ulla
583 4271 712 4356 quidem
737 4271 891 4335 societate
920 4270 1006 4335 civili
1030 4271 1130 4355 digna
1153 4269 1334 4334 rideantur.

106 4375 273 4444 Dedicatio
304 4379 484 4444 academiae
516 4401 553 4443 ex
586 4400 674 4443 more
702 4377 859 4461 perfecta:
893 4378 980 4462 leges
1009 4376 1181 4460 prudentes
1215 4381 1248 4440 et
1275 4377 1332 4440 hu-

106 4507 223 4550 manae
251 4486 358 4570 datae3
391 4486 619 4551 iurisdictionis
649 4485 826 4551 auctoritas
854 4483 940 4548 haud
969 4484 1085 4569 exigua
1113 4484 1244 4548 collata:
1277 4483 1332 4568 qui
