2760 4868
656 589 725 675 111.

122 757 256 831 Oratio
286 757 481 831 nataliciis
510 756 687 830 lhiderici
715 757 892 830 Guilelmi
920 759 983 831 Ill.
1013 761 1241 833 celebrandis

300 900 336 972 d.
367 922 417 976 ur.
450 925 496 975 m.
523 900 616 996 Aug.
645 923 677 971 a.
707 919 903 977 uncccxvr.
938 901 1076 974 habita.

160 1183 347 1248 Prudenter
380 1203 417 1246 ac
449 1182 514 1265 pie,
546 1182 606 1245 viri
638 1181 911 1266 excellentissimi,
947 1183 1104 1267 illustres,
1137 1184 1304 1248 celeberri-

74 1290 131 1372 mi,
158 1290 399 1355 commilitones
424 1289 631 1373 amatissimi,
654 1289 726 1352 inde
751 1289 791 1353 ab
815 1288 908 1354 initio
933 1289 1063 1355 scholae
1090 1290 1185 1355 huius
1213 1291 1303 1355 insti·

73 1401 179 1462 tutum
203 1400 268 1480 est,
295 1400 334 1460 ut
356 1395 455 1481 Regis
487 1395 600 1480 optimi
627 1396 788 1460 nataliciis
816 1396 1079 1461 coucelebraudis
1108 1398 1142 1461 in
1171 1398 1303 1462 aedibus

75 1505 196 1569 nostris
220 1502 398 1589 quotannis
422 1505 572 1586 ageretur
595 1505 781 1586 conventus,
805 1503 890 1587 quod
913 1525 974 1568 nos
998 1504 1091 1569 illum
1110 1527 1176 1570 uon
1199 1505 1304 1587 modo,

77 1616 111 1674 ut
142 1611 242 1675 ceteri
274 1609 376 1692 cives,
412 1629 614 1672 communem
646 1609 692 1672 rei
726 1609 873 1693 publicae
908 1615 1079 1696 statorem,
1116 1611 1304 1695 principem,

79 1717 243 1782 dominum
271 1737 474 1798 veneramur,
507 1716 562 1779 sed
590 1737 697 1779 rerum
725 1721 909 1782 nostrarum
942 1741 1040 1783 uuum
1076 1723 1239 1784 auctorem
1272 1724 1305 1784 et

80 1823 291 1888 conditorem:
314 1827 352 1887 ut
375 1844 438 1906 quo
462 1822 513 1886 die
536 1821 717 1887 Fridericus
741 1815 920 1888 Guilelmus
944 1829 1040 1890 natus
1065 1827 1120 1910 sit,
1149 1827 1216 1891 eius
1240 1825 1304 1890 diei

81 1932 226 1997 fortunae
247 1929 467 1995 sanstissimae
490 1929 570 1994 haec
594 1929 771 1995 studiorum
796 1932 972 2014 palaestra,
995 1931 1047 1997 hic
1070 1933 1176 1998 laetus
1200 1934 1304 1998 omnis

84 2040 205 2125 genem
229 2039 412 2103 litterarum
435 2039 611 2120 proventus
636 2037 744 2100 deberi
772 2037 888 2102 merito
917 2038 1072 2105 videatur.
1118 2040 1201 2117 Quid
1229 2061 1304 2104 vero

85 2145 290 2209 sollemnibus
309 2144 360 2207 his
384 2142 597 2207 sanctissimis
621 2144 726 2227 magis
751 2149 870 2227 aptum,
895 2145 971 2229 quid
994 2146 1161 2211 affectibus
1185 2145 1304 2209 uostris

86 2253 183 2337 magis
206 2250 499 2333 accommodatum,
530 2271 627 2333 quarn
650 2249 779 2333 publiea
803 2251 948 2315 oratioue
970 2251 1095 2316 laudari
1119 2252 1305 2335 principem,

36 2402 38 2419 .
87 2360 170 2424 cuius
192 2358 300 2424 studio
329 2357 445 2421 artium
476 2356 751 2440 provehendarum
775 2358 860 2443 quod
889 2358 1054 2442 docemus,
1082 2360 1172 2423 euius
1201 2357 1303 2421 muni·

36 2452 39 2549 f
89 2467 224 2530 licentiae
253 2464 339 2550 quod
362 2463 527 2548 floremus,
555 2463 692 2549 denique
720 2465 809 2529 cuius
838 2465 949 2529 virtuti
978 2466 1062 2550 quod
1091 2464 1227 2529 dumus
1255 2486 1305 2528 ac·

37 2556 40 2579 τ
90 2579 208 2657 ceptum
231 2572 431 2637 referamus?
475 2571 520 2636 Et
542 2570 687 2654 profecto
710 2593 905 2656 quamquam
936 2593 995 2657 ego
1019 2572 1180 2657 iutellig0,
1208 2572 1304 2637 huius

92 2701 136 2744 me
173 2681 260 2764 regis
296 2679 385 2744 facta
421 2678 514 2743 dictis
556 2699 734 2764 exaequare
775 2701 842 2743 non
878 2700 988 2762 posse,
1029 2700 1224 2764 quamquam
1267 2700 1305 2742 ex

94 2786 267 2851 muneribus
295 2785 375 2850 mihi
404 2784 604 2850 demandatis
632 2784 694 2850 hoc
716 2786 813 2871 louge
837 2785 1064 2871 gravissimum
1093 2806 1162 2849 esse
1192 2784 1306 2867 sentio,

95 2893 167 2976 quod
193 2893 272 2958 mihi
300 2915 365 2958 nou
395 2893 494 2957 semel
522 2897 618 2977 atque
645 2894 776 2972 iterum,
807 2894 862 2958 sed
892 2892 1028 2978 singulis
1057 2891 1150 2955 annis
1178 2913 1216 2954 ex
1243 2891 1305 2956 hoc

95 2999 154 3065 loeo
186 3005 218 3065 et
244 3000 307 3066 hoc
340 3000 411 3083 ipso
444 2999 495 3063 die
527 3000 625 3064 verba
653 3000 800 3065 facienda
832 3004 921 3064 suut:
954 3003 1063 3064 tamen
1096 2999 1141 3063 ita
1173 3021 1304 3083 prorsus

95 3105 200 3191 iudico,
232 3129 301 3172 rem
332 3128 383 3171 me
416 3107 594 3190 suscepisse
627 3107 759 3171 arduam
791 3107 899 3190 potius
932 3128 1028 3190 quam
1055 3105 1217 3171 difficilem
1250 3110 1307 3170 aut

96 3213 171 3279 aleae
202 3216 346 3299 plenam3
380 3213 639 3298 quandoquidem
671 3218 741 3277 tum
768 3213 899 3278 laudum
929 3216 1023 3279 tauta
1050 3217 1180 3298 tamque
1209 3214 1306 3278 beata

95 3320 211 3386 ubertas
240 3321 426 3406 suppeditat
453 3325 485 3386 et
508 3322 599 3406 quasi
624 3320 742 3404 affluit,
772 3325 809 3385 ut
836 3320 940 3404 magis
964 3320 1040 3405 quid
1068 3320 1147 3385 milri
1171 3343 1235 3385 non
1260 3319 1304 3384 di-

93 3428 216 3493 cendum
240 3429 297 3512 sit,
326 3449 422 3514 quam
447 3427 521 3512 quid
546 3426 729 3511 dicendum,
758 3427 1026 3512 circumspiciam,
1052 3431 1122 3493 tum
1145 3427 1207 3491 hoc
1230 3447 1305 3512 rege

93 3555 191 3600 rernm
219 3535 324 3600 dicere
357 3535 423 3599 sine
451 3534 593 3618 periculo
627 3534 813 3599 offensionis
847 3533 1045 3601 conceditur:
1077 3533 1161 3600 unde
1189 3534 1238 3617 fit,
1270 3537 1307 3598 ut

90 3646 256 3728 antequam
284 3643 326 3706 ad
354 3641 524 3707 dicendum
554 3641 716 3724 accedam,
743 3643 967 3727 magnitudine
994 3642 1040 3706 rei
1069 3645 1213 3727 spectata
1235 3663 1305 3725 per-

88 3748 153 3812 celli
182 3749 319 3832 soleam,
351 3770 426 3812 mox
454 3749 588 3813 collecto
617 3749 739 3831 animo,
772 3750 920 3833 quamvis
949 3748 1079 3833 regibus
1108 3748 1305 3813 blandiuudo

85 3879 138 3922 uec
162 3861 257 3921 uatus
282 3877 342 3919 uec
363 3855 468 3920 factus
493 3855 567 3938 sim,
595 3854 675 3919 nihil
705 3855 785 3919 mihi
814 3855 996 3940 iucundius,
1024 3855 1105 3919 nihil
1129 3855 1305 3939 praestabi-

84 3964 142 4028 lius
166 3964 326 4047 videatur,
350 3985 446 4046 quam
471 3984 583 4027 sensus
608 3965 744 4043 vestros,
768 3962 891 4047 Patres,
915 3967 1052 4048 votaque
1075 3984 1134 4046 pro
1158 3962 1306 4046 Principe

82 4071 206 4154 optimo
230 4073 380 4153 suscepta
407 4091 465 4152 pro
490 4071 640 4134 contione
663 4073 769 4149 tanta,
798 4073 865 4134 tam
889 4071 1011 4154 ampla,
1038 4072 1106 4133 tam
1130 4069 1306 4153 splendida,

82 4183 149 4242 tam
173 4176 300 4241 erudita
322 4177 430 4260 palam
453 4176 669 4259 interpretari,
700 4197 737 4240 ac
761 4174 799 4239 de
823 4176 923 4260 regiis
949 4175 1072 4240 meritis
1096 4175 1223 4259 copiose
1247 4175 1307 4239 dis·

82 4304 194 4349 serere.
240 4281 361 4358 Quodsi
385 4284 462 4347 anni
486 4283 660 4367 superioris
690 4304 741 4347 res
765 4287 873 4369 gestas
897 4283 1036 4348 recolere
1061 4281 1209 4367 velimus,
1239 4282 1306 4346 Fri-

81 4391 223 4455 dericum
247 4389 445 4454 Guilelmum
473 4412 539 4455 uon
566 4394 693 4454 tantum
722 4391 755 4454 iu
785 4412 879 4475 sago,
907 4390 961 4455 sed
985 4389 1074 4474 pacis
1103 4389 1200 4453 etiam
1231 4389 1305 4453 arti·

83 4499 145 4563 bus
169 4497 329 4584 insignem
352 4497 561 4581 reperiemus:
585 4519 732 4582 possum,
756 4498 784 4562 si
808 4498 921 4584 libeat,
950 4497 1036 4561 haud
1059 4517 1163 4580 pauca
1186 4496 1226 4559 ab
1249 4495 1305 4561 illo
