2760 4868
627 177 845 240 ..42-

209 335 271 400 Sed
290 335 412 420 Regem
436 337 720 420 sapientissimum,
743 359 841 422 quum
862 335 980 400 artium
1004 335 1121 415 sedem,
1144 358 1227 422 quae
1250 337 1346 402 hodie

120 432 298 527 dedicatur,
326 443 478 508 conderet
500 444 648 508 munifice
671 448 704 507 et
731 444 930 528 supellectile
956 447 1008 508 sat
1031 443 1139 528 ampla
1162 445 1347 528 instrueret,

118 536 302 636 accepimus
320 550 402 615 nihil
422 551 508 615 aliud
527 550 728 635 propositum
747 548 911 635 habuisse,
929 572 1025 634 quarn
1046 555 1082 615 ut
1098 551 1221 616 viribus
1241 573 1345 616 armo·

119 681 190 723 rum
213 658 325 723 fractis
349 663 382 723 et
404 658 624 741 comminutis,
647 658 771 741 imperii
794 656 913 721 finibus
937 657 1068 722 dimidio
1093 659 1345 743 angustioribus,

119 786 153 830 re
180 765 312 849 publiea
338 765 426 831 hosti
453 764 656 832 atrocissimo
685 764 825 829 obnoxia
848 764 1004 848 malisque
1029 764 1207 829 innumeris
1231 771 1345 831 vexata

119 876 152 936 et
175 872 310 956 afflicta,
338 873 436 937 animi
461 873 558 956 vires,
586 872 702 956 quibus
731 872 840 936 omnia
862 872 1046 954 vincuntur,
1074 872 1241 956 excitaret,
1270 894 1344 937 con·

118 980 269 1062 firmaret,
292 979 530 1044 corroboraret:
558 1001 621 1063 quo
646 977 723 1063 quid
745 979 945 1062 prudentius,
971 977 1047 1061 quid
1071 978 1246 1063 liberalius,
1269 980 1344 1063 quid

118 1107 194 1171 rege
219 1088 323 1171 magis
352 1087 486 1171 dignum
514 1086 690 1171 excogitari
717 1085 848 1168 potest?
901 1084 1003 1161 Quem
1030 1086 1126 1149 finem
1155 1108 1256 1170 quum
1283 1109 1343 1151 nos

118 1198 347 1276 spectaremur,
371 1192 437 1258 fere
457 1212 494 1258 co
514 1215 644 1277 operam
662 1195 806 1257 nostram
826 1191 1008 1274 direximus,
1032 1213 1094 1275 quo
1116 1214 1188 1257 esse
1207 1195 1343 1279 dirigen-

118 1300 192 1364 dam
212 1300 320 1384 paullo
340 1304 416 1365 ante
435 1301 582 1384 exposui:
600 1321 641 1365 ne
660 1300 791 1364 iuvenes
811 1321 904 1363 curae
923 1301 1054 1363 nostrae
1073 1301 1237 1366 commissi
1256 1306 1342 1367 artes

117 1407 221 1471 bonas
253 1408 324 1472 loco
357 1398 557 1492 opificiorum
585 1411 737 1491 quaestus
765 1427 863 1471 causa
890 1406 1138 1471 exercendorum
1170 1408 1342 1493 haberent3

118 1516 154 1576 ut
186 1513 226 1577 ad
255 1514 472 1599 cognitionem
505 1513 674 1578 sublimem
707 1514 921 1598 erigerentur3
953 1518 989 1576 ut
1018 1534 1175 1599 generosa
1208 1517 1343 1580 consilia

117 1622 270 1702 caperent
288 1620 487 1705 alerentque3
510 1624 547 1684 ut
566 1621 692 1705 pietate,
713 1620 848 1684 caritate
868 1619 1001 1703 patriae,
1023 1621 1130 1706 legum
1151 1623 1343 1687 verecundia

117 1726 352 1810 imbuerentur,
381 1731 418 1791 ut
441 1730 474 1791 et
495 1728 642 1812 modesti,
665 1732 698 1792 et
720 1726 775 1790 ubi
799 1748 881 1808 opus
905 1729 962 1809 est,
985 1727 1085 1791 fortes
1110 1732 1229 1814 essent3
1254 1730 1342 1794 deni-

117 1854 178 1916 que
201 1836 237 1897 ut
261 1834 293 1897 111
317 1857 375 1899 suo
399 1855 514 1919 genere
538 1836 672 1920 quisque
690 1834 765 1898 talis
786 1839 880 1915 esset,
902 1833 1029 1917 qualem
1053 1856 1123 1898 esse
1144 1834 1259 1900 debere
1278 1837 1342 1921 sig·

116 1939 255 2004 nifioavi.
304 1939 349 2005 Et
375 1941 457 2006 favit
483 1941 606 2025 coeptis
636 1942 780 2031 fortuna3
814 1941 984 2023 disciplina
1009 1944 1124 2005 nostra
1151 1943 1200 2005 vel
1228 1944 1342 2026 primis

116 2047 211 2110 annis
240 2048 437 2112 iuventutem
463 2048 664 2133 frequentem
687 2048 811 2113 allexit:
839 2048 893 2133 qui
920 2047 1006 2112 bello
1029 2069 1104 2112 mox
1128 2050 1254 2113 avocati
1279 2052 1340 2115 vir·

114 2156 217 2218 tutem
251 2175 343 2218 suam
379 2155 578 2221 facinoribus
611 2157 750 2241 egregiis
785 2154 1043 2239 comprobarunt.
1099 2155 1233 2219 Illorum
1266 2179 1341 2240 pars

116 2259 257 2324 maxima
280 2260 367 2324 faura
389 2283 475 2326 nune
498 2262 629 2345 fruitur,
658 2262 698 2326 ad
721 2262 936 2348 quadraginta
958 2261 992 2325 in
1016 2262 1147 2346 proeliis
1171 2266 1228 2326 sut
1250 2263 1341 2328 labo-

113 2388 186 2430 rum
204 2368 436 2452 vulnerumque
454 2369 486 2432 11
505 2373 641 2434 mortem
666 2370 837 2435 honestam
856 2368 1014 2451 obierunt,
1037 2370 1153 2453 quibus
1171 2392 1228 2434 vos
1249 2376 1340 2455 quot

115 2473 210 2537 annis
234 2474 346 2539 decore
370 2497 495 2539 summo
518 2475 649 2540 inferias
673 2476 777 2560 fertis,
802 2498 863 2540 nos
884 2476 1016 2540 tandem
1040 2476 1214 2561 aliquando
1239 2479 1341 2542 moni·

113 2584 258 2645 mentum
273 2581 493 2666 excitabimus,
507 2605 569 2667 quo
581 2585 761 2669 exemplum
776 2583 976 2667 praeclarum
991 2584 1174 2666 posteritati
1185 2584 1341 2649 tradatur.

112 2685 226 2771 Neque
250 2688 323 2753 illos
346 2689 433 2753 solos
456 2688 619 2774 lugemus:
648 2712 714 2755 non
741 2691 852 2755 vident
878 2689 962 2754 diem
991 2690 1077 2755 hune
1104 2690 1339 2756 faustissimum

28 2849 31 2854 .
112 2793 373 2874 Willdenowius‚
399 2794 557 2879 Fiohtius,
585 2795 723 2880 Reilius,
752 2797 978 2880 Klaprothius:
1005 2797 1086 2862 haec
1109 2799 1232 2862 lumina
1254 2799 1340 2862 litte-

112 2923 230 2986 rarum,
249 2924 385 2987 quorum
398 2924 518 2966 nomen
536 2924 594 2987 per
608 2925 665 2967 ora
679 2904 848 2968 hominum
862 2905 960 2988 volat,
983 2905 1140 2969 memoria
1152 2905 1340 2987 pectoribus

112 3009 233 3073 nostris
252 3009 445 3093 consignata
464 3014 523 3092 est,
546 3009 662 3074 invidit
679 3011 775 3075 nobis
797 3011 939 3095 fortuna,
961 3012 1012 3076 vel
1035 3011 1114 3096 ipsis
1137 3012 1224 3076 huno
1245 3013 1340 3078 diem.

112 3114 159 3179 At
185 3115 339 3200 quamdiu
366 3137 417 3180 res
444 3117 573 3200 publiea
600 3139 638 3181 ex
662 3118 767 3182 alieno
795 3118 928 3182 arbitrio
957 3117 1131 3202 pendebat,
1158 3119 1340 3202 precariam

111 3219 196 3284 inter
218 3221 328 3285 hostes
353 3223 494 3288 animam
518 3223 727 3288 ducebamus:
754 3246 852 3308 quum
877 3223 1110 3290 Germanorum
1134 3225 1268 3290 libertas
1291 3228 1340 3290 in·

111 3326 227 3391 choata
259 3332 320 3412 est,
357 3333 427 3393 tum
460 3327 585 3394 deinum
621 3353 673 3396 res
705 3335 836 3396 nostrae
869 3336 945 3396 sunt
977 3333 1183 3397 securitatem
1215 3337 1340 3399 nactae.

110 3431 216 3517 Igitur
242 3434 338 3498 bellis
366 3436 487 3500 exactis
511 3437 630 3501 laetius
658 3437 881 3523 effloruerunt,
910 3461 969 3504 nec
992 3439 1200 3504 metuendum
1224 3446 1274 3505 est
1298 3464 1340 3506 ne

110 3539 296 3624 concidant,
330 3542 404 3606 dum
432 3543 494 3607 1100
522 3565 598 3627 rege
626 3545 815 3629 gaudemus,
847 3547 1029 3610 litterarum
1057 3546 1215 3611 bonarum
1243 3548 1339 3612 liber-

109 3646 252 3730 tatisque
271 3648 501 3714 ethonestatis
520 3650 645 3716 vindice
664 3654 698 3723 01
716 3654 942 3717 conservatore
960 3653 1237 3739 constantissimo,
1261 3656 1338 3719 dum

110 3756 145 3816 tu
174 3754 268 3818 nobis
296 3776 422 3839 praees,
450 3757 499 3821 vir
526 3758 794 3823 excellentissime
823 3759 1032 3824 consiliorum
1058 3760 1221 3844 regiorum
1245 3762 1339 3826 1111111-

111 3866 190 3944 ster,
218 3861 274 3944 qui
298 3883 376 3926 cura
397 3866 464 3926 tarn
489 3864 629 3950 benigna
652 3869 685 3930 et
710 3866 859 3950 prudenti
884 3866 1028 3932 scholam
1051 3871 1196 3931 nostram
1220 3870 1339 3934 tutaris

109 3988 147 4030 ac
174 3968 331 4052 protegis3
366 3968 441 4034 dum
469 3975 598 4035 nosmet
627 3973 690 4056 ipsi
717 3978 751 4037 et
778 3996 849 4056 vos,
883 3973 1135 4057 commilitones,
1168 3974 1202 4037 in
1230 3974 1338 4041 officio

109 4073 237 4138 erimus.
294 4073 366 4140 Scio
399 4077 556 4160 quaedam
588 4079 683 4143 nobis
716 4081 860 4163 obstare,
893 4101 988 4164 quae,
1021 4081 1048 4144 si
1081 4081 1195 4164 velim,
1232 4082 1339 4147 dicore

108 4202 254 4264 possum:
286 4204 345 4246 neo
371 4203 484 4247 101001
511 4184 735 4271 offensionem,
764 4209 862 4271 quum
889 4187 974 4250 inter
1001 4209 1062 4252 nos
1089 4187 1207 4271 dioanr,
1235 4192 1269 4252 et
1296 4190 1338 4253 si-

109 4287 320 4352 mulationem
347 4311 476 4354 omnem
505 4292 546 4356 ab
575 4295 713 4358 oratoris
742 4294 902 4379 dignitate
925 4296 1038 4378 procul
1065 4316 1135 4359 esse
1158 4297 1253 4377 puto:
1282 4296 1338 4360 sed

107 4395 183 4460 nolo
211 4394 273 4459 hoo
301 4396 352 4461 die
381 4397 556 4481 quidquam
580 4400 711 4485 gravius
741 4400 906 4465 tristiusve
935 4401 1047 4466 dicere.
1093 4400 1243 4466 Eruditio
1268 4404 1337 4487 qui·

88 4496 165 4559 dens
193 4505 312 4567 nostra
338 4504 469 4572 nemini
496 4505 605 4594 obest;
637 4512 670 4577 et
697 4507 733 4575 iu
759 4507 841 4575 urbe
862 4508 956 4598 regia
981 4509 1107 4574 litteras
1129 4509 1277 4576 habitare
1306 4515 1341 4576 ct
