<?xml version="1.0" encoding="UTF-8"?>
<!DOCTYPE html PUBLIC "-//W3C//DTD XHTML 1.0 Transitional//EN"
    "http://www.w3.org/TR/xhtml1/DTD/xhtml1-transitional.dtd">
<html xmlns="http://www.w3.org/1999/xhtml" xml:lang="en" lang="en">
 <head>
  <title>
</title>
<meta http-equiv="Content-Type" content="text/html;charset=utf-8" />
  <meta name='ocr-system' content='tesseract 3.04.00' />
  <meta name='ocr-capabilities' content='ocr_page ocr_carea ocr_par ocr_line ocrx_word'/>
</head>
<body>
  <div class='ocr_page' id='page_1' title='image "augustboeckhsge00bratgoog_0052.png"; bbox 0 0 2760 4868; ppageno 0'>
   <div class='ocr_carea' id='block_1_1' title="bbox 594 162 814 226">
    <p class='ocr_par' dir='ltr' id='par_1_1' title="bbox 594 162 814 226">
     <span class='ocr_line' id='line_1_1' title="bbox 594 162 814 226; baseline -0.014 -15"><span class='ocrx_word' id='word_1_1' title='bbox 594 162 814 226; x_wconf 70' lang='lat'>..34-</span> 
     </span>
    </p>
   </div>
   <div class='ocr_carea' id='block_1_2' title="bbox 60 319 1321 4580">
    <p class='ocr_par' dir='ltr' id='par_1_2' title="bbox 60 319 1321 4580">
     <span class='ocr_line' id='line_1_2' title="bbox 94 319 1318 406; baseline -0.002 -19"><span class='ocrx_word' id='word_1_2' title='bbox 94 322 316 406; x_wconf 87' lang='lat' dir='ltr'>constituerat,</span> <span class='ocrx_word' id='word_1_3' title='bbox 334 322 375 386; x_wconf 91' lang='lat' dir='ltr'>ab</span> <span class='ocrx_word' id='word_1_4' title='bbox 390 320 524 386; x_wconf 87' lang='lat' dir='ltr'>Urbano</span> <span class='ocrx_word' id='word_1_5' title='bbox 539 319 636 386; x_wconf 86' lang='lat' dir='ltr'>Sexto</span> <span class='ocrx_word' id='word_1_6' title='bbox 656 322 888 404; x_wconf 85' lang='lat' dir='ltr'>confirmatam,</span> <span class='ocrx_word' id='word_1_7' title='bbox 905 325 1015 386; x_wconf 87' lang='lat' dir='ltr'>tamen</span> <span class='ocrx_word' id='word_1_8' title='bbox 1033 322 1118 406; x_wconf 90' lang='lat' dir='ltr'>quod</span> <span class='ocrx_word' id='word_1_9' title='bbox 1137 343 1176 385; x_wconf 91' lang='lat' dir='ltr'>ea</span> <span class='ocrx_word' id='word_1_10' title='bbox 1193 324 1318 386; x_wconf 87' lang='lat' dir='ltr'>mature</span> 
     </span>
     <span class='ocr_line' id='line_1_3' title="bbox 95 414 1319 512; baseline -0.002 -19"><span class='ocrx_word' id='word_1_11' title='bbox 95 430 254 495; x_wconf 82' lang='lat' dir='ltr'>exstincta</span> <span class='ocrx_word' id='word_1_12' title='bbox 276 432 334 512; x_wconf 92' lang='lat' dir='ltr'>est,</span> <span class='ocrx_word' id='word_1_13' title='bbox 358 428 505 493; x_wconf 90' lang='lat' dir='ltr'>doctores</span> <span class='ocrx_word' id='word_1_14' title='bbox 528 428 737 493; x_wconf 89' lang='lat' dir='ltr'>ecclesiastici</span> <span class='ocrx_word' id='word_1_15' title='bbox 761 432 793 492; x_wconf 92' lang='lat' dir='ltr'>et</span> <span class='ocrx_word' id='word_1_16' title='bbox 809 432 1035 512; x_wconf 79' lang='lat' dir='ltr'>praeceptores</span> <span class='ocrx_word' id='word_1_17' title='bbox 1055 432 1111 492; x_wconf 90' lang='lat' dir='ltr'>aut</span> <span class='ocrx_word' id='word_1_18' title='bbox 1128 450 1166 492; x_wconf 83' lang='lat' dir='ltr'>ex</span> <span class='ocrx_word' id='word_1_19' title='bbox 1183 414 1319 493; x_wconf 86' lang='lat' dir='ltr'>Polonia</span> 
     </span>
     <span class='ocr_line' id='line_1_4' title="bbox 94 534 1318 619; baseline 0 -18"><span class='ocrx_word' id='word_1_20' title='bbox 94 542 152 601; x_wconf 90' lang='lat' dir='ltr'>aut</span> <span class='ocrx_word' id='word_1_21' title='bbox 178 559 195 601; x_wconf 88' lang='lat' dir='ltr'>e</span> <span class='ocrx_word' id='word_1_22' title='bbox 224 535 399 602; x_wconf 78' lang='lat' dir='ltr'>Germania</span> <span class='ocrx_word' id='word_1_23' title='bbox 427 535 607 600; x_wconf 80' lang='lat' dir='ltr'>arcessendi</span> <span class='ocrx_word' id='word_1_24' title='bbox 636 539 740 600; x_wconf 90' lang='lat' dir='ltr'>erant:</span> <span class='ocrx_word' id='word_1_25' title='bbox 772 557 906 619; x_wconf 88' lang='lat' dir='ltr'>quorum</span> <span class='ocrx_word' id='word_1_26' title='bbox 934 538 1028 599; x_wconf 89' lang='lat' dir='ltr'>tanta</span> <span class='ocrx_word' id='word_1_27' title='bbox 1054 537 1152 601; x_wconf 90' lang='lat' dir='ltr'>etiam</span> <span class='ocrx_word' id='word_1_28' title='bbox 1182 534 1318 601; x_wconf 81' lang='lat' dir='ltr'>Alberto</span> 
     </span>
     <span class='ocr_line' id='line_1_5' title="bbox 94 639 1319 728; baseline -0.002 -20"><span class='ocrx_word' id='word_1_29' title='bbox 94 646 251 728; x_wconf 88' lang='lat' dir='ltr'>regnante</span> <span class='ocrx_word' id='word_1_30' title='bbox 283 642 419 726; x_wconf 89' lang='lat' dir='ltr'>penuria</span> <span class='ocrx_word' id='word_1_31' title='bbox 449 640 524 725; x_wconf 90' lang='lat' dir='ltr'>fuit,</span> <span class='ocrx_word' id='word_1_32' title='bbox 558 644 595 705; x_wconf 94' lang='lat' dir='ltr'>ut</span> <span class='ocrx_word' id='word_1_33' title='bbox 620 639 781 706; x_wconf 89' lang='lat' dir='ltr'>Lutherus</span> <span class='ocrx_word' id='word_1_34' title='bbox 809 640 1004 726; x_wconf 86' lang='lat' dir='ltr'>Rigensibus</span> <span class='ocrx_word' id='word_1_35' title='bbox 1031 642 1228 726; x_wconf 80' lang='lat' dir='ltr'>Albertoque</span> <span class='ocrx_word' id='word_1_36' title='bbox 1256 643 1319 727; x_wconf 88' lang='lat' dir='ltr'>ipsi</span> 
     </span>
     <span class='ocr_line' id='line_1_6' title="bbox 93 748 1320 836; baseline 0.001 -22"><span class='ocrx_word' id='word_1_37' title='bbox 93 750 277 833; x_wconf 85' lang='lat' dir='ltr'>petentibus</span> <span class='ocrx_word' id='word_1_38' title='bbox 301 748 486 814; x_wconf 88' lang='lat' dir='ltr'>satisfacere</span> <span class='ocrx_word' id='word_1_39' title='bbox 510 770 577 813; x_wconf 90' lang='lat' dir='ltr'>non</span> <span class='ocrx_word' id='word_1_40' title='bbox 601 754 726 832; x_wconf 86' lang='lat' dir='ltr'>posset:</span> <span class='ocrx_word' id='word_1_41' title='bbox 753 748 861 813; x_wconf 91' lang='lat' dir='ltr'>idonei</span> <span class='ocrx_word' id='word_1_42' title='bbox 884 750 1083 835; x_wconf 76' lang='lat' dir='ltr'>abnuebant,</span> <span class='ocrx_word' id='word_1_43' title='bbox 1112 751 1166 836; x_wconf 89' lang='lat' dir='ltr'>qui</span> <span class='ocrx_word' id='word_1_44' title='bbox 1189 752 1320 836; x_wconf 86' lang='lat' dir='ltr'>vellent,</span> 
     </span>
     <span class='ocr_line' id='line_1_7' title="bbox 94 853 1319 942; baseline 0.002 -21"><span class='ocrx_word' id='word_1_45' title='bbox 94 857 258 923; x_wconf 86' lang='lat' dir='ltr'>suffecturi</span> <span class='ocrx_word' id='word_1_46' title='bbox 276 879 342 920; x_wconf 92' lang='lat' dir='ltr'>non</span> <span class='ocrx_word' id='word_1_47' title='bbox 362 859 469 920; x_wconf 83' lang='lat' dir='ltr'>erant:</span> <span class='ocrx_word' id='word_1_48' title='bbox 488 855 659 941; x_wconf 81' lang='lat' dir='ltr'>indigenae</span> <span class='ocrx_word' id='word_1_49' title='bbox 679 857 788 918; x_wconf 87' lang='lat' dir='ltr'>autern</span> <span class='ocrx_word' id='word_1_50' title='bbox 807 855 840 918; x_wconf 93' lang='lat' dir='ltr'>in</span> <span class='ocrx_word' id='word_1_51' title='bbox 857 853 1030 921; x_wconf 87' lang='lat' dir='ltr'>Germania</span> <span class='ocrx_word' id='word_1_52' title='bbox 1049 858 1166 922; x_wconf 90' lang='lat' dir='ltr'>litteris</span> <span class='ocrx_word' id='word_1_53' title='bbox 1186 881 1319 942; x_wconf 87' lang='lat' dir='ltr'>operam</span> 
     </span>
     <span class='ocr_line' id='line_1_8' title="bbox 93 960 1319 1048; baseline 0.002 -19"><span class='ocrx_word' id='word_1_54' title='bbox 93 963 171 1029; x_wconf 86' lang='lat' dir='ltr'>dare</span> <span class='ocrx_word' id='word_1_55' title='bbox 194 985 259 1028; x_wconf 93' lang='lat' dir='ltr'>non</span> <span class='ocrx_word' id='word_1_56' title='bbox 283 967 446 1047; x_wconf 89' lang='lat' dir='ltr'>poterant,</span> <span class='ocrx_word' id='word_1_57' title='bbox 473 962 537 1028; x_wconf 91' lang='lat' dir='ltr'>nisi</span> <span class='ocrx_word' id='word_1_58' title='bbox 566 966 622 1026; x_wconf 89' lang='lat' dir='ltr'>aut</span> <span class='ocrx_word' id='word_1_59' title='bbox 648 983 683 1025; x_wconf 90' lang='lat' dir='ltr'>re</span> <span class='ocrx_word' id='word_1_60' title='bbox 711 960 863 1025; x_wconf 88' lang='lat' dir='ltr'>familiari</span> <span class='ocrx_word' id='word_1_61' title='bbox 887 963 1009 1046; x_wconf 81' lang='lat' dir='ltr'>copiosi</span> <span class='ocrx_word' id='word_1_62' title='bbox 1033 969 1152 1048; x_wconf 91' lang='lat' dir='ltr'>essent,</span> <span class='ocrx_word' id='word_1_63' title='bbox 1181 970 1238 1030; x_wconf 91' lang='lat' dir='ltr'>aut</span> <span class='ocrx_word' id='word_1_64' title='bbox 1261 966 1319 1031; x_wconf 91' lang='lat' dir='ltr'>sti·</span> 
     </span>
     <span class='ocr_line' id='line_1_9' title="bbox 92 1067 1321 1156; baseline 0.002 -21"><span class='ocrx_word' id='word_1_65' title='bbox 92 1071 219 1154; x_wconf 90' lang='lat' dir='ltr'>pendiis</span> <span class='ocrx_word' id='word_1_66' title='bbox 242 1071 477 1135; x_wconf 72' lang='lat' dir='ltr'>instruerentur</span> <span class='ocrx_word' id='word_1_67' title='bbox 500 1069 703 1134; x_wconf 80' lang='lat' dir='ltr'>lautioribus.</span> <span class='ocrx_word' id='word_1_68' title='bbox 743 1067 828 1144; x_wconf 82' lang='lat' dir='ltr'>Quid</span> <span class='ocrx_word' id='word_1_69' title='bbox 852 1070 938 1153; x_wconf 90' lang='lat' dir='ltr'>quod</span> <span class='ocrx_word' id='word_1_70' title='bbox 961 1068 1100 1136; x_wconf 86' lang='lat' dir='ltr'>Sabinus</span> <span class='ocrx_word' id='word_1_71' title='bbox 1123 1073 1157 1135; x_wconf 92' lang='lat' dir='ltr'>in</span> <span class='ocrx_word' id='word_1_72' title='bbox 1181 1073 1321 1156; x_wconf 88' lang='lat' dir='ltr'>epistola</span> 
     </span>
     <span class='ocr_line' id='line_1_10' title="bbox 93 1174 1320 1259; baseline 0.002 -17"><span class='ocrx_word' id='word_1_73' title='bbox 93 1177 134 1242; x_wconf 91' lang='lat' dir='ltr'>ad</span> <span class='ocrx_word' id='word_1_74' title='bbox 156 1175 290 1241; x_wconf 91' lang='lat' dir='ltr'>Petrum</span> <span class='ocrx_word' id='word_1_75' title='bbox 313 1175 472 1241; x_wconf 89' lang='lat' dir='ltr'>Bembum</span> <span class='ocrx_word' id='word_1_76' title='bbox 495 1174 713 1259; x_wconf 83' lang='lat' dir='ltr'>Cardinalenr,</span> <span class='ocrx_word' id='word_1_77' title='bbox 739 1196 804 1258; x_wconf 90' lang='lat' dir='ltr'>qua</span> <span class='ocrx_word' id='word_1_78' title='bbox 826 1176 1008 1242; x_wconf 85' lang='lat' dir='ltr'>academiae</span> <span class='ocrx_word' id='word_1_79' title='bbox 1035 1201 1146 1245; x_wconf 90' lang='lat' dir='ltr'>recens</span> <span class='ocrx_word' id='word_1_80' title='bbox 1169 1179 1320 1244; x_wconf 87' lang='lat' dir='ltr'>conditae</span> 
     </span>
     <span class='ocr_line' id='line_1_11' title="bbox 92 1282 1321 1371; baseline 0.002 -22"><span class='ocrx_word' id='word_1_81' title='bbox 92 1284 297 1369; x_wconf 88' lang='lat' dir='ltr'>privilegium</span> <span class='ocrx_word' id='word_1_82' title='bbox 318 1283 519 1369; x_wconf 89' lang='lat' dir='ltr'>pontificium</span> <span class='ocrx_word' id='word_1_83' title='bbox 534 1283 705 1348; x_wconf 88' lang='lat' dir='ltr'>conciliare</span> <span class='ocrx_word' id='word_1_84' title='bbox 724 1286 838 1366; x_wconf 88' lang='lat' dir='ltr'>tentat,</span> <span class='ocrx_word' id='word_1_85' title='bbox 857 1304 1010 1369; x_wconf 90' lang='lat' dir='ltr'>magnam</span> <span class='ocrx_word' id='word_1_86' title='bbox 1027 1282 1195 1369; x_wconf 78' lang='lat' dir='ltr'>Scythicae</span> <span class='ocrx_word' id='word_1_87' title='bbox 1210 1286 1321 1371; x_wconf 88' lang='lat' dir='ltr'>gentis</span> 
     </span>
     <span class='ocr_line' id='line_1_12' title="bbox 90 1372 1319 1476; baseline 0.002 -21"><span class='ocrx_word' id='word_1_88' title='bbox 90 1390 254 1457; x_wconf 86' lang='lat' dir='ltr'>feritatem</span> <span class='ocrx_word' id='word_1_89' title='bbox 286 1372 444 1476; x_wconf 89' lang='lat' dir='ltr'>queritur,</span> <span class='ocrx_word' id='word_1_90' title='bbox 477 1392 508 1453; x_wconf 91' lang='lat' dir='ltr'>et</span> <span class='ocrx_word' id='word_1_91' title='bbox 538 1390 591 1454; x_wconf 85' lang='lat' dir='ltr'>vix</span> <span class='ocrx_word' id='word_1_92' title='bbox 617 1390 652 1453; x_wconf 94' lang='lat' dir='ltr'>in</span> <span class='ocrx_word' id='word_1_93' title='bbox 680 1389 866 1473; x_wconf 81' lang='lat' dir='ltr'>regionibus</span> <span class='ocrx_word' id='word_1_94' title='bbox 893 1391 1006 1456; x_wconf 85' lang='lat' dir='ltr'>vicinis</span> <span class='ocrx_word' id='word_1_95' title='bbox 1031 1389 1162 1458; x_wconf 89' lang='lat' dir='ltr'>&#39;civilem</span> <span class='ocrx_word' id='word_1_96' title='bbox 1189 1394 1319 1457; x_wconf 81' lang='lat' dir='ltr'>vivendi</span> 
     </span>
     <span class='ocr_line' id='line_1_13' title="bbox 90 1496 1321 1583; baseline 0.001 -20"><span class='ocrx_word' id='word_1_97' title='bbox 90 1500 250 1563; x_wconf 88' lang='lat' dir='ltr'>rationem</span> <span class='ocrx_word' id='word_1_98' title='bbox 274 1498 403 1582; x_wconf 88' lang='lat' dir='ltr'>legibus</span> <span class='ocrx_word' id='word_1_99' title='bbox 427 1501 460 1562; x_wconf 90' lang='lat' dir='ltr'>et</span> <span class='ocrx_word' id='word_1_100' title='bbox 483 1496 655 1580; x_wconf 83' lang='lat' dir='ltr'>disciplina</span> <span class='ocrx_word' id='word_1_101' title='bbox 679 1496 878 1580; x_wconf 89' lang='lat' dir='ltr'>imperioque</span> <span class='ocrx_word' id='word_1_102' title='bbox 901 1499 1032 1563; x_wconf 90' lang='lat' dir='ltr'>retineri</span> <span class='ocrx_word' id='word_1_103' title='bbox 1055 1521 1164 1583; x_wconf 86' lang='lat' dir='ltr'>posse,</span> <span class='ocrx_word' id='word_1_104' title='bbox 1192 1522 1321 1564; x_wconf 89' lang='lat' dir='ltr'>summa</span> 
     </span>
     <span class='ocr_line' id='line_1_14' title="bbox 90 1603 1319 1691; baseline 0 -21"><span class='ocrx_word' id='word_1_105' title='bbox 90 1605 183 1671; x_wconf 91' lang='lat' dir='ltr'>laude</span> <span class='ocrx_word' id='word_1_106' title='bbox 207 1605 339 1691; x_wconf 90' lang='lat' dir='ltr'>dignum</span> <span class='ocrx_word' id='word_1_107' title='bbox 364 1605 522 1687; x_wconf 88' lang='lat' dir='ltr'>iudicans,</span> <span class='ocrx_word' id='word_1_108' title='bbox 551 1604 696 1688; x_wconf 89' lang='lat' dir='ltr'>quisquis</span> <span class='ocrx_word' id='word_1_109' title='bbox 721 1604 864 1668; x_wconf 83' lang='lat' dir='ltr'>excolere</span> <span class='ocrx_word' id='word_1_110' title='bbox 890 1603 951 1668; x_wconf 90' lang='lat' dir='ltr'>hos</span> <span class='ocrx_word' id='word_1_111' title='bbox 975 1606 1112 1689; x_wconf 90' lang='lat' dir='ltr'>populos</span> <span class='ocrx_word' id='word_1_112' title='bbox 1136 1610 1170 1670; x_wconf 90' lang='lat' dir='ltr'>et</span> <span class='ocrx_word' id='word_1_113' title='bbox 1192 1606 1233 1670; x_wconf 91' lang='lat' dir='ltr'>ad</span> <span class='ocrx_word' id='word_1_114' title='bbox 1256 1606 1319 1670; x_wconf 92' lang='lat' dir='ltr'>Dei</span> 
     </span>
     <span class='ocr_line' id='line_1_15' title="bbox 91 1711 1319 1798; baseline 0.001 -21"><span class='ocrx_word' id='word_1_115' title='bbox 91 1713 292 1798; x_wconf 77' lang='lat' dir='ltr'>agnitionem</span> <span class='ocrx_word' id='word_1_116' title='bbox 315 1716 348 1775; x_wconf 93' lang='lat' dir='ltr'>et</span> <span class='ocrx_word' id='word_1_117' title='bbox 371 1712 500 1776; x_wconf 82' lang='lat' dir='ltr'>virtutis</span> <span class='ocrx_word' id='word_1_118' title='bbox 529 1711 729 1775; x_wconf 89' lang='lat' dir='ltr'>intellectum</span> <span class='ocrx_word' id='word_1_119' title='bbox 753 1711 956 1777; x_wconf 87' lang='lat' dir='ltr'>mediocriter</span> <span class='ocrx_word' id='word_1_120' title='bbox 980 1713 1146 1777; x_wconf 89' lang='lat' dir='ltr'>traducere</span> <span class='ocrx_word' id='word_1_121' title='bbox 1169 1718 1319 1778; x_wconf 89' lang='lat' dir='ltr'>conetur:</span> 
     </span>
     <span class='ocr_line' id='line_1_16' title="bbox 91 1817 1320 1905; baseline 0.001 -21"><span class='ocrx_word' id='word_1_122' title='bbox 91 1820 207 1905; x_wconf 92' lang='lat' dir='ltr'>quibus</span> <span class='ocrx_word' id='word_1_123' title='bbox 231 1819 381 1884; x_wconf 86' lang='lat' dir='ltr'>interris</span> <span class='ocrx_word' id='word_1_124' title='bbox 405 1819 490 1903; x_wconf 88' lang='lat' dir='ltr'>quod</span> <span class='ocrx_word' id='word_1_125' title='bbox 513 1840 599 1884; x_wconf 92' lang='lat' dir='ltr'>nunc</span> <span class='ocrx_word' id='word_1_126' title='bbox 622 1824 708 1883; x_wconf 89' lang='lat' dir='ltr'>artes</span> <span class='ocrx_word' id='word_1_127' title='bbox 731 1822 764 1882; x_wconf 94' lang='lat' dir='ltr'>et</span> <span class='ocrx_word' id='word_1_128' title='bbox 786 1817 951 1883; x_wconf 89' lang='lat' dir='ltr'>doctrinae</span> <span class='ocrx_word' id='word_1_129' title='bbox 974 1820 1100 1904; x_wconf 87' lang='lat' dir='ltr'>florent,</span> <span class='ocrx_word' id='word_1_130' title='bbox 1121 1820 1208 1904; x_wconf 93' lang='lat' dir='ltr'>quod</span> <span class='ocrx_word' id='word_1_131' title='bbox 1230 1821 1320 1886; x_wconf 87' lang='lat' dir='ltr'>viros</span> 
     </span>
     <span class='ocr_line' id='line_1_17' title="bbox 90 1926 1319 2013; baseline -0.002 -20"><span class='ocrx_word' id='word_1_132' title='bbox 90 1927 178 1993; x_wconf 90' lang='lat' dir='ltr'>omni</span> <span class='ocrx_word' id='word_1_133' title='bbox 208 1948 326 2013; x_wconf 87' lang='lat' dir='ltr'>genere</span> <span class='ocrx_word' id='word_1_134' title='bbox 354 1926 543 1990; x_wconf 89' lang='lat' dir='ltr'>eruditionis</span> <span class='ocrx_word' id='word_1_135' title='bbox 572 1928 787 2010; x_wconf 86' lang='lat' dir='ltr'>praestantes,</span> <span class='ocrx_word' id='word_1_136' title='bbox 821 1929 948 2008; x_wconf 86' lang='lat' dir='ltr'>poetas,</span> <span class='ocrx_word' id='word_1_137' title='bbox 981 1926 1205 2012; x_wconf 87' lang='lat' dir='ltr'>philosophos,</span> <span class='ocrx_word' id='word_1_138' title='bbox 1233 1927 1319 1990; x_wconf 90' lang='lat' dir='ltr'>litte·</span> 
     </span>
     <span class='ocr_line' id='line_1_18' title="bbox 90 2032 1319 2117; baseline -0.001 -19"><span class='ocrx_word' id='word_1_139' title='bbox 90 2039 215 2100; x_wconf 86' lang='lat' dir='ltr'>ratores</span> <span class='ocrx_word' id='word_1_140' title='bbox 234 2056 377 2099; x_wconf 85' lang='lat' dir='ltr'>summos</span> <span class='ocrx_word' id='word_1_141' title='bbox 397 2036 587 2117; x_wconf 89' lang='lat' dir='ltr'>genuerunt,</span> <span class='ocrx_word' id='word_1_142' title='bbox 605 2032 741 2098; x_wconf 87' lang='lat' dir='ltr'>Alberto</span> <span class='ocrx_word' id='word_1_143' title='bbox 756 2032 870 2096; x_wconf 87' lang='lat' dir='ltr'>saltem</span> <span class='ocrx_word' id='word_1_144' title='bbox 889 2033 997 2117; x_wconf 87' lang='lat' dir='ltr'>aliqua</span> <span class='ocrx_word' id='word_1_145' title='bbox 1011 2055 1050 2097; x_wconf 87' lang='lat' dir='ltr'>ex</span> <span class='ocrx_word' id='word_1_146' title='bbox 1069 2037 1160 2117; x_wconf 88' lang='lat' dir='ltr'>parte</span> <span class='ocrx_word' id='word_1_147' title='bbox 1175 2033 1319 2097; x_wconf 91' lang='lat' dir='ltr'>debetur.</span> 
     </span>
     <span class='ocr_line' id='line_1_19' title="bbox 90 2139 1319 2224; baseline -0.002 -19"><span class='ocrx_word' id='word_1_148' title='bbox 90 2139 123 2205; x_wconf 91' lang='lat' dir='ltr'>Is</span> <span class='ocrx_word' id='word_1_149' title='bbox 141 2140 294 2204; x_wconf 86' lang='lat' dir='ltr'>ferociam</span> <span class='ocrx_word' id='word_1_150' title='bbox 313 2140 483 2224; x_wconf 88' lang='lat' dir='ltr'>pristinam</span> <span class='ocrx_word' id='word_1_151' title='bbox 499 2141 619 2204; x_wconf 86' lang='lat' dir='ltr'>sensim</span> <span class='ocrx_word' id='word_1_152' title='bbox 635 2140 766 2224; x_wconf 87' lang='lat' dir='ltr'>expulit,</span> <span class='ocrx_word' id='word_1_153' title='bbox 785 2139 967 2224; x_wconf 84' lang='lat' dir='ltr'>robiginem</span> <span class='ocrx_word' id='word_1_154' title='bbox 986 2139 1156 2205; x_wconf 89' lang='lat' dir='ltr'>barbariae</span> <span class='ocrx_word' id='word_1_155' title='bbox 1171 2140 1319 2223; x_wconf 87' lang='lat' dir='ltr'>effricuit,</span> 
     </span>
     <span class='ocr_line' id='line_1_20' title="bbox 90 2246 1320 2331; baseline -0.002 -19"><span class='ocrx_word' id='word_1_156' title='bbox 90 2250 214 2312; x_wconf 87' lang='lat' dir='ltr'>mentes</span> <span class='ocrx_word' id='word_1_157' title='bbox 230 2246 398 2311; x_wconf 90' lang='lat' dir='ltr'>doctrinae</span> <span class='ocrx_word' id='word_1_158' title='bbox 413 2247 551 2331; x_wconf 90' lang='lat' dir='ltr'>purioris</span> <span class='ocrx_word' id='word_1_159' title='bbox 566 2247 741 2311; x_wconf 87' lang='lat' dir='ltr'>luminibus</span> <span class='ocrx_word' id='word_1_160' title='bbox 750 2247 945 2321; x_wconf 83' lang='lat' dir='ltr'>illustravit:</span> <span class='ocrx_word' id='word_1_161' title='bbox 965 2246 1050 2331; x_wconf 94' lang='lat' dir='ltr'>quod</span> <span class='ocrx_word' id='word_1_162' title='bbox 1065 2269 1128 2331; x_wconf 93' lang='lat' dir='ltr'>quo</span> <span class='ocrx_word' id='word_1_163' title='bbox 1143 2247 1320 2311; x_wconf 88' lang='lat' dir='ltr'>difficiliori</span> 
     </span>
     <span class='ocr_line' id='line_1_21' title="bbox 89 2352 1318 2439; baseline -0.001 -19"><span class='ocrx_word' id='word_1_164' title='bbox 89 2354 224 2439; x_wconf 87' lang='lat' dir='ltr'>perfecit</span> <span class='ocrx_word' id='word_1_165' title='bbox 252 2358 411 2438; x_wconf 89' lang='lat' dir='ltr'>tempore,</span> <span class='ocrx_word' id='word_1_166' title='bbox 439 2374 476 2419; x_wconf 91' lang='lat' dir='ltr'>eo</span> <span class='ocrx_word' id='word_1_167' title='bbox 504 2353 608 2438; x_wconf 88' lang='lat' dir='ltr'>magis</span> <span class='ocrx_word' id='word_1_168' title='bbox 637 2354 809 2436; x_wconf 89' lang='lat' dir='ltr'>populares</span> <span class='ocrx_word' id='word_1_169' title='bbox 838 2354 1010 2418; x_wconf 90' lang='lat' dir='ltr'>demeritus</span> <span class='ocrx_word' id='word_1_170' title='bbox 1039 2358 1097 2418; x_wconf 85' lang='lat' dir='ltr'>est.</span> <span class='ocrx_word' id='word_1_171' title='bbox 1143 2352 1256 2439; x_wconf 89' lang='lat' dir='ltr'>Neque</span> <span class='ocrx_word' id='word_1_172' title='bbox 1285 2355 1318 2419; x_wconf 91' lang='lat' dir='ltr'>id</span> 
     </span>
     <span class='ocr_line' id='line_1_22' title="bbox 91 2460 1318 2546; baseline 0 -19"><span class='ocrx_word' id='word_1_173' title='bbox 91 2461 305 2527; x_wconf 89' lang='lat' dir='ltr'>omittendum</span> <span class='ocrx_word' id='word_1_174' title='bbox 329 2461 425 2543; x_wconf 91' lang='lat' dir='ltr'>duco,</span> <span class='ocrx_word' id='word_1_175' title='bbox 453 2461 537 2544; x_wconf 83' lang='lat' dir='ltr'>quod</span> <span class='ocrx_word' id='word_1_176' title='bbox 562 2461 596 2524; x_wconf 93' lang='lat' dir='ltr'>in</span> <span class='ocrx_word' id='word_1_177' title='bbox 622 2482 660 2524; x_wconf 89' lang='lat' dir='ltr'>ea</span> <span class='ocrx_word' id='word_1_178' title='bbox 687 2460 893 2543; x_wconf 89' lang='lat' dir='ltr'>potissimum</span> <span class='ocrx_word' id='word_1_179' title='bbox 916 2462 1009 2544; x_wconf 90' lang='lat' dir='ltr'>urbe,</span> <span class='ocrx_word' id='word_1_180' title='bbox 1038 2484 1134 2546; x_wconf 90' lang='lat' dir='ltr'>quam</span> <span class='ocrx_word' id='word_1_181' title='bbox 1162 2463 1233 2546; x_wconf 89' lang='lat' dir='ltr'>ipse</span> <span class='ocrx_word' id='word_1_182' title='bbox 1262 2463 1318 2527; x_wconf 90' lang='lat' dir='ltr'>ha·</span> 
     </span>
     <span class='ocr_line' id='line_1_23' title="bbox 90 2567 1317 2652; baseline -0.001 -19"><span class='ocrx_word' id='word_1_183' title='bbox 90 2568 222 2651; x_wconf 87' lang='lat' dir='ltr'>bitaret,</span> <span class='ocrx_word' id='word_1_184' title='bbox 251 2568 449 2632; x_wconf 89' lang='lat' dir='ltr'>domicilium</span> <span class='ocrx_word' id='word_1_185' title='bbox 475 2568 593 2631; x_wconf 88' lang='lat' dir='ltr'>artium</span> <span class='ocrx_word' id='word_1_186' title='bbox 617 2589 686 2632; x_wconf 90' lang='lat' dir='ltr'>esse</span> <span class='ocrx_word' id='word_1_187' title='bbox 710 2567 825 2650; x_wconf 86' lang='lat' dir='ltr'>voluit,</span> <span class='ocrx_word' id='word_1_188' title='bbox 854 2568 948 2633; x_wconf 90' lang='lat' dir='ltr'>utin</span> <span class='ocrx_word' id='word_1_189' title='bbox 976 2590 1031 2633; x_wconf 90' lang='lat' dir='ltr'>ore</span> <span class='ocrx_word' id='word_1_190' title='bbox 1060 2568 1226 2652; x_wconf 89' lang='lat' dir='ltr'>oculisque</span> <span class='ocrx_word' id='word_1_191' title='bbox 1250 2570 1317 2633; x_wconf 87' lang='lat' dir='ltr'>suis</span> 
     </span>
     <span class='ocr_line' id='line_1_24' title="bbox 91 2674 1319 2760; baseline -0.001 -21"><span class='ocrx_word' id='word_1_192' title='bbox 91 2674 241 2739; x_wconf 90' lang='lat' dir='ltr'>docentes</span> <span class='ocrx_word' id='word_1_193' title='bbox 270 2674 492 2760; x_wconf 87' lang='lat' dir='ltr'>discentesque</span> <span class='ocrx_word' id='word_1_194' title='bbox 521 2677 738 2757; x_wconf 88' lang='lat' dir='ltr'>versarentur,</span> <span class='ocrx_word' id='word_1_195' title='bbox 769 2678 802 2738; x_wconf 92' lang='lat' dir='ltr'>et</span> <span class='ocrx_word' id='word_1_196' title='bbox 832 2674 961 2740; x_wconf 88' lang='lat' dir='ltr'>illorum</span> <span class='ocrx_word' id='word_1_197' title='bbox 988 2676 1057 2759; x_wconf 90' lang='lat' dir='ltr'>ipse</span> <span class='ocrx_word' id='word_1_198' title='bbox 1084 2675 1257 2760; x_wconf 89' lang='lat' dir='ltr'>disciplina</span> <span class='ocrx_word' id='word_1_199' title='bbox 1286 2679 1319 2739; x_wconf 89' lang='lat' dir='ltr'>et</span> 
     </span>
     <span class='ocr_line' id='line_1_25' title="bbox 90 2780 1317 2866; baseline -0.001 -20"><span class='ocrx_word' id='word_1_200' title='bbox 90 2782 310 2846; x_wconf 88' lang='lat' dir='ltr'>familiaritate</span> <span class='ocrx_word' id='word_1_201' title='bbox 330 2784 488 2846; x_wconf 83' lang='lat' dir='ltr'>uteretur:</span> <span class='ocrx_word' id='word_1_202' title='bbox 512 2803 575 2865; x_wconf 94' lang='lat' dir='ltr'>quo</span> <span class='ocrx_word' id='word_1_203' title='bbox 595 2781 723 2865; x_wconf 90' lang='lat' dir='ltr'>quidem</span> <span class='ocrx_word' id='word_1_204' title='bbox 743 2780 883 2845; x_wconf 89' lang='lat' dir='ltr'>studium</span> <span class='ocrx_word' id='word_1_205' title='bbox 903 2804 997 2846; x_wconf 93' lang='lat' dir='ltr'>suum</span> <span class='ocrx_word' id='word_1_206' title='bbox 1020 2783 1208 2866; x_wconf 87' lang='lat' dir='ltr'>planissime</span> <span class='ocrx_word' id='word_1_207' title='bbox 1226 2782 1317 2845; x_wconf 89' lang='lat' dir='ltr'>testi·</span> 
     </span>
     <span class='ocr_line' id='line_1_26' title="bbox 90 2888 1317 2973; baseline -0.002 -19"><span class='ocrx_word' id='word_1_208' title='bbox 90 2890 204 2954; x_wconf 85' lang='lat' dir='ltr'>ficatus</span> <span class='ocrx_word' id='word_1_209' title='bbox 232 2893 291 2953; x_wconf 89' lang='lat' dir='ltr'>est.</span> <span class='ocrx_word' id='word_1_210' title='bbox 340 2888 410 2954; x_wconf 88' lang='lat' dir='ltr'>Nae</span> <span class='ocrx_word' id='word_1_211' title='bbox 443 2888 489 2952; x_wconf 93' lang='lat' dir='ltr'>illi</span> <span class='ocrx_word' id='word_1_212' title='bbox 522 2888 685 2971; x_wconf 91' lang='lat' dir='ltr'>principes</span> <span class='ocrx_word' id='word_1_213' title='bbox 713 2888 839 2952; x_wconf 89' lang='lat' dir='ltr'>litteras</span> <span class='ocrx_word' id='word_1_214' title='bbox 867 2889 971 2953; x_wconf 87' lang='lat' dir='ltr'>colere</span> <span class='ocrx_word' id='word_1_215' title='bbox 998 2889 1085 2954; x_wconf 87' lang='lat' dir='ltr'>haud</span> <span class='ocrx_word' id='word_1_216' title='bbox 1117 2908 1317 2973; x_wconf 87' lang='lat' dir='ltr'>magnopere</span> 
     </span>
     <span class='ocr_line' id='line_1_27' title="bbox 89 2995 1318 3081; baseline -0.002 -20"><span class='ocrx_word' id='word_1_217' title='bbox 89 2996 247 3080; x_wconf 82' lang='lat' dir='ltr'>videntur,</span> <span class='ocrx_word' id='word_1_218' title='bbox 270 2997 324 3081; x_wconf 93' lang='lat' dir='ltr'>qui</span> <span class='ocrx_word' id='word_1_219' title='bbox 349 3018 403 3059; x_wconf 90' lang='lat' dir='ltr'>eas</span> <span class='ocrx_word' id='word_1_220' title='bbox 427 3018 447 3059; x_wconf 93' lang='lat' dir='ltr'>a</span> <span class='ocrx_word' id='word_1_221' title='bbox 471 2999 644 3078; x_wconf 90' lang='lat' dir='ltr'>conspectu</span> <span class='ocrx_word' id='word_1_222' title='bbox 668 3016 725 3060; x_wconf 90' lang='lat' dir='ltr'>suo</span> <span class='ocrx_word' id='word_1_223' title='bbox 749 3017 845 3079; x_wconf 88' lang='lat' dir='ltr'>quam</span> <span class='ocrx_word' id='word_1_224' title='bbox 869 2995 1057 3080; x_wconf 88' lang='lat' dir='ltr'>longissime</span> <span class='ocrx_word' id='word_1_225' title='bbox 1080 2998 1222 3059; x_wconf 82' lang='lat' dir='ltr'>remotas</span> <span class='ocrx_word' id='word_1_226' title='bbox 1245 3016 1318 3059; x_wconf 86' lang='lat' dir='ltr'>esse</span> 
     </span>
     <span class='ocr_line' id='line_1_28' title="bbox 90 3101 1317 3187; baseline -0.002 -19"><span class='ocrx_word' id='word_1_227' title='bbox 90 3104 139 3168; x_wconf 89' lang='lat' dir='ltr'>vel</span> <span class='ocrx_word' id='word_1_228' title='bbox 173 3105 307 3187; x_wconf 87' lang='lat' dir='ltr'>cupiunt</span> <span class='ocrx_word' id='word_1_229' title='bbox 340 3104 391 3167; x_wconf 87' lang='lat' dir='ltr'>vel</span> <span class='ocrx_word' id='word_1_230' title='bbox 423 3102 625 3185; x_wconf 88' lang='lat' dir='ltr'>cupientibus</span> <span class='ocrx_word' id='word_1_231' title='bbox 658 3124 768 3166; x_wconf 90' lang='lat' dir='ltr'>aurem</span> <span class='ocrx_word' id='word_1_232' title='bbox 800 3102 969 3185; x_wconf 86' lang='lat' dir='ltr'>praebent,</span> <span class='ocrx_word' id='word_1_233' title='bbox 1003 3103 1089 3186; x_wconf 93' lang='lat' dir='ltr'>quod</span> <span class='ocrx_word' id='word_1_234' title='bbox 1121 3103 1155 3165; x_wconf 92' lang='lat' dir='ltr'>in</span> <span class='ocrx_word' id='word_1_235' title='bbox 1188 3101 1317 3186; x_wconf 87' lang='lat' dir='ltr'>oppidis</span> 
     </span>
     <span class='ocr_line' id='line_1_29' title="bbox 90 3201 1316 3293; baseline -0.002 -18"><span class='ocrx_word' id='word_1_236' title='bbox 90 3211 225 3275; x_wconf 91' lang='lat' dir='ltr'>modicis</span> <span class='ocrx_word' id='word_1_237' title='bbox 249 3215 283 3275; x_wconf 88' lang='lat' dir='ltr'>et</span> <span class='ocrx_word' id='word_1_238' title='bbox 305 3210 452 3275; x_wconf 90' lang='lat' dir='ltr'>doctores</span> <span class='ocrx_word' id='word_1_239' title='bbox 477 3214 511 3273; x_wconf 90' lang='lat' dir='ltr'>et</span> <span class='ocrx_word' id='word_1_240' title='bbox 533 3209 682 3292; x_wconf 90' lang='lat' dir='ltr'>discipuli</span> <span class='ocrx_word' id='word_1_241' title='bbox 705 3209 904 3274; x_wconf 89' lang='lat' dir='ltr'>commodius</span> <span class='ocrx_word' id='word_1_242' title='bbox 930 3209 1055 3293; x_wconf 77' lang='lat' dir='ltr'>vivant,</span> <span class='ocrx_word' id='word_1_243' title='bbox 1082 3201 1169 3293; x_wconf 81' lang='lat' dir='ltr'>quod</span> <span class='ocrx_word' id='word_1_244' title='bbox 1192 3208 1316 3293; x_wconf 88' lang='lat' dir='ltr'>palatio</span> 
     </span>
     <span class='ocr_line' id='line_1_30' title="bbox 90 3310 1316 3400; baseline -0.002 -18"><span class='ocrx_word' id='word_1_245' title='bbox 90 3338 128 3382; x_wconf 88' lang='lat' dir='ltr'>ac</span> <span class='ocrx_word' id='word_1_246' title='bbox 150 3310 220 3382; x_wconf 88' lang='lat' dir='ltr'>sedi</span> <span class='ocrx_word' id='word_1_247' title='bbox 243 3317 445 3400; x_wconf 86' lang='lat' dir='ltr'>principatus</span> <span class='ocrx_word' id='word_1_248' title='bbox 467 3315 600 3380; x_wconf 90' lang='lat' dir='ltr'>libertas</span> <span class='ocrx_word' id='word_1_249' title='bbox 623 3315 731 3379; x_wconf 88' lang='lat' dir='ltr'>nescio</span> <span class='ocrx_word' id='word_1_250' title='bbox 756 3336 797 3378; x_wconf 91' lang='lat' dir='ltr'>an</span> <span class='ocrx_word' id='word_1_251' title='bbox 824 3315 956 3380; x_wconf 89' lang='lat' dir='ltr'>licentia</span> <span class='ocrx_word' id='word_1_252' title='bbox 978 3316 1128 3380; x_wconf 89' lang='lat' dir='ltr'>iuvenilis</span> <span class='ocrx_word' id='word_1_253' title='bbox 1151 3337 1216 3381; x_wconf 88' lang='lat' dir='ltr'>nou</span> <span class='ocrx_word' id='word_1_254' title='bbox 1241 3336 1316 3380; x_wconf 88' lang='lat' dir='ltr'>cou-</span> 
     </span>
     <span class='ocr_line' id='line_1_31' title="bbox 89 3421 1316 3508; baseline -0.002 -19"><span class='ocrx_word' id='word_1_255' title='bbox 89 3424 208 3508; x_wconf 86' lang='lat' dir='ltr'>veniat,</span> <span class='ocrx_word' id='word_1_256' title='bbox 227 3423 314 3508; x_wconf 91' lang='lat' dir='ltr'>quod</span> <span class='ocrx_word' id='word_1_257' title='bbox 328 3423 488 3508; x_wconf 89' lang='lat' dir='ltr'>corrumpi</span> <span class='ocrx_word' id='word_1_258' title='bbox 508 3422 652 3487; x_wconf 92' lang='lat' dir='ltr'>moribus</span> <span class='ocrx_word' id='word_1_259' title='bbox 666 3421 823 3504; x_wconf 87' lang='lat' dir='ltr'>improbis</span> <span class='ocrx_word' id='word_1_260' title='bbox 838 3422 1057 3488; x_wconf 86' lang='lat' dir='ltr'>adolescentes</span> <span class='ocrx_word' id='word_1_261' title='bbox 1072 3423 1213 3507; x_wconf 88' lang='lat' dir='ltr'>possint:</span> <span class='ocrx_word' id='word_1_262' title='bbox 1233 3444 1316 3506; x_wconf 90' lang='lat' dir='ltr'>quae</span> 
     </span>
     <span class='ocr_line' id='line_1_32' title="bbox 89 3529 1317 3614; baseline -0.002 -19"><span class='ocrx_word' id='word_1_263' title='bbox 89 3532 233 3597; x_wconf 88' lang='lat' dir='ltr'>rationes</span> <span class='ocrx_word' id='word_1_264' title='bbox 261 3531 323 3595; x_wconf 90' lang='lat' dir='ltr'>etsi</span> <span class='ocrx_word' id='word_1_265' title='bbox 351 3530 515 3614; x_wconf 88' lang='lat' dir='ltr'>speciosae</span> <span class='ocrx_word' id='word_1_266' title='bbox 544 3534 634 3612; x_wconf 88' lang='lat' dir='ltr'>sunt,</span> <span class='ocrx_word' id='word_1_267' title='bbox 660 3533 770 3593; x_wconf 87' lang='lat' dir='ltr'>tamen</span> <span class='ocrx_word' id='word_1_268' title='bbox 795 3533 909 3594; x_wconf 87' lang='lat' dir='ltr'>nostra</span> <span class='ocrx_word' id='word_1_269' title='bbox 937 3529 1130 3593; x_wconf 82' lang='lat' dir='ltr'>universitas</span> <span class='ocrx_word' id='word_1_270' title='bbox 1158 3529 1317 3593; x_wconf 90' lang='lat' dir='ltr'>litteraria</span> 
     </span>
     <span class='ocr_line' id='line_1_33' title="bbox 90 3635 1316 3723; baseline -0.002 -21"><span class='ocrx_word' id='word_1_271' title='bbox 90 3638 197 3722; x_wconf 91' lang='lat' dir='ltr'>docet,</span> <span class='ocrx_word' id='word_1_272' title='bbox 230 3638 419 3723; x_wconf 85' lang='lat' dir='ltr'>quantulum</span> <span class='ocrx_word' id='word_1_273' title='bbox 447 3637 487 3700; x_wconf 91' lang='lat' dir='ltr'>iis</span> <span class='ocrx_word' id='word_1_274' title='bbox 518 3636 725 3700; x_wconf 90' lang='lat' dir='ltr'>tribuendum</span> <span class='ocrx_word' id='word_1_275' title='bbox 756 3637 807 3700; x_wconf 90' lang='lat' dir='ltr'>sit.</span> <span class='ocrx_word' id='word_1_276' title='bbox 856 3635 942 3700; x_wconf 89' lang='lat' dir='ltr'>Nam</span> <span class='ocrx_word' id='word_1_277' title='bbox 969 3637 1071 3700; x_wconf 80' lang='lat' dir='ltr'>vitam</span> <span class='ocrx_word' id='word_1_278' title='bbox 1099 3636 1316 3701; x_wconf 85' lang='lat' dir='ltr'>academicam</span> 
     </span>
     <span class='ocr_line' id='line_1_34' title="bbox 90 3742 1315 3829; baseline -0.002 -19"><span class='ocrx_word' id='word_1_279' title='bbox 90 3745 264 3829; x_wconf 91' lang='lat' dir='ltr'>emendari,</span> <span class='ocrx_word' id='word_1_280' title='bbox 286 3744 450 3810; x_wconf 85' lang='lat' dir='ltr'>licentiam</span> <span class='ocrx_word' id='word_1_281' title='bbox 465 3743 575 3826; x_wconf 92' lang='lat' dir='ltr'>minui,</span> <span class='ocrx_word' id='word_1_282' title='bbox 599 3743 781 3806; x_wconf 89' lang='lat' dir='ltr'>libertatem</span> <span class='ocrx_word' id='word_1_283' title='bbox 802 3764 875 3807; x_wconf 89' lang='lat' dir='ltr'>vero</span> <span class='ocrx_word' id='word_1_284' title='bbox 897 3743 1017 3807; x_wconf 89' lang='lat' dir='ltr'>iustam</span> <span class='ocrx_word' id='word_1_285' title='bbox 1032 3743 1217 3807; x_wconf 88' lang='lat' dir='ltr'>confirmari</span> <span class='ocrx_word' id='word_1_286' title='bbox 1234 3742 1315 3807; x_wconf 86' lang='lat' dir='ltr'>vidi·</span> 
     </span>
     <span class='ocr_line' id='line_1_35' title="bbox 89 3849 1315 3932; baseline -0.004 -14"><span class='ocrx_word' id='word_1_287' title='bbox 89 3875 175 3917; x_wconf 91' lang='lat' dir='ltr'>mus:</span> <span class='ocrx_word' id='word_1_288' title='bbox 199 3856 305 3918; x_wconf 85' lang='lat' dir='ltr'>cetera</span> <span class='ocrx_word' id='word_1_289' title='bbox 327 3850 532 3916; x_wconf 88' lang='lat' dir='ltr'>incommoda</span> <span class='ocrx_word' id='word_1_290' title='bbox 553 3850 702 3914; x_wconf 88' lang='lat' dir='ltr'>remediis</span> <span class='ocrx_word' id='word_1_291' title='bbox 727 3849 939 3932; x_wconf 90' lang='lat' dir='ltr'>prudentibus</span> <span class='ocrx_word' id='word_1_292' title='bbox 963 3855 996 3913; x_wconf 90' lang='lat' dir='ltr'>et</span> <span class='ocrx_word' id='word_1_293' title='bbox 1018 3850 1183 3914; x_wconf 83' lang='lat' dir='ltr'>benevolis</span> <span class='ocrx_word' id='word_1_294' title='bbox 1208 3850 1315 3915; x_wconf 88' lang='lat' dir='ltr'>sanari</span> 
     </span>
     <span class='ocr_line' id='line_1_36' title="bbox 88 3955 1316 4045; baseline -0.003 -20"><span class='ocrx_word' id='word_1_295' title='bbox 88 3964 235 4045; x_wconf 90' lang='lat' dir='ltr'>possunt.</span> <span class='ocrx_word' id='word_1_296' title='bbox 268 3960 381 4043; x_wconf 86' lang='lat' dir='ltr'>ltaque</span> <span class='ocrx_word' id='word_1_297' title='bbox 397 3957 518 4042; x_wconf 92' lang='lat' dir='ltr'>optime</span> <span class='ocrx_word' id='word_1_298' title='bbox 537 3957 669 4035; x_wconf 91' lang='lat' dir='ltr'>factum,</span> <span class='ocrx_word' id='word_1_299' title='bbox 688 3957 774 4040; x_wconf 93' lang='lat' dir='ltr'>quod</span> <span class='ocrx_word' id='word_1_300' title='bbox 789 3955 920 4041; x_wconf 82' lang='lat' dir='ltr'>Georgii</span> <span class='ocrx_word' id='word_1_301' title='bbox 934 3955 1098 4039; x_wconf 88' lang='lat' dir='ltr'>Friderici,</span> <span class='ocrx_word' id='word_1_302' title='bbox 1117 3956 1316 4022; x_wconf 89' lang='lat' dir='ltr'>Marchionis</span> 
     </span>
     <span class='ocr_line' id='line_1_37' title="bbox 88 4063 1316 4150; baseline -0.003 -18"><span class='ocrx_word' id='word_1_303' title='bbox 88 4067 353 4150; x_wconf 88' lang='lat' dir='ltr'>Onolsbacensis,</span> <span class='ocrx_word' id='word_1_304' title='bbox 384 4087 443 4149; x_wconf 91' lang='lat' dir='ltr'>pro</span> <span class='ocrx_word' id='word_1_305' title='bbox 472 4064 598 4128; x_wconf 80' lang='lat' dir='ltr'>Alberti</span> <span class='ocrx_word' id='word_1_306' title='bbox 630 4064 697 4127; x_wconf 91' lang='lat' dir='ltr'>filio</span> <span class='ocrx_word' id='word_1_307' title='bbox 726 4063 914 4129; x_wconf 88' lang='lat' dir='ltr'>Borussiam</span> <span class='ocrx_word' id='word_1_308' title='bbox 948 4063 1206 4128; x_wconf 86' lang='lat' dir='ltr'>administrantis</span> <span class='ocrx_word' id='word_1_309' title='bbox 1241 4085 1316 4129; x_wconf 89' lang='lat' dir='ltr'>con-</span> 
     </span>
     <span class='ocr_line' id='line_1_38' title="bbox 88 4171 1315 4258; baseline -0.003 -20"><span class='ocrx_word' id='word_1_310' title='bbox 88 4173 209 4258; x_wconf 91' lang='lat' dir='ltr'>silium,</span> <span class='ocrx_word' id='word_1_311' title='bbox 238 4174 279 4238; x_wconf 97' lang='lat' dir='ltr'>ob</span> <span class='ocrx_word' id='word_1_312' title='bbox 308 4173 485 4238; x_wconf 85' lang='lat' dir='ltr'>discordias</span> <span class='ocrx_word' id='word_1_313' title='bbox 512 4173 598 4236; x_wconf 89' lang='lat' dir='ltr'>inter</span> <span class='ocrx_word' id='word_1_314' title='bbox 625 4172 825 4236; x_wconf 87' lang='lat' dir='ltr'>iuventutem</span> <span class='ocrx_word' id='word_1_315' title='bbox 854 4171 1032 4235; x_wconf 88' lang='lat' dir='ltr'>studiosam</span> <span class='ocrx_word' id='word_1_316' title='bbox 1055 4175 1315 4255; x_wconf 89' lang='lat' dir='ltr'>mercatoresque</span> 
     </span>
     <span class='ocr_line' id='line_1_39' title="bbox 89 4277 1316 4363; baseline -0.002 -18"><span class='ocrx_word' id='word_1_317' title='bbox 89 4285 189 4358; x_wconf 86' lang='lat' dir='ltr'>ortas,</span> <span class='ocrx_word' id='word_1_318' title='bbox 220 4301 350 4345; x_wconf 88' lang='lat' dir='ltr'>causam</span> <span class='ocrx_word' id='word_1_319' title='bbox 378 4302 456 4344; x_wconf 87' lang='lat' dir='ltr'>sane</span> <span class='ocrx_word' id='word_1_320' title='bbox 485 4301 583 4363; x_wconf 90' lang='lat' dir='ltr'>quam</span> <span class='ocrx_word' id='word_1_321' title='bbox 606 4279 723 4361; x_wconf 85' lang='lat' dir='ltr'>levem,</span> <span class='ocrx_word' id='word_1_322' title='bbox 752 4279 895 4344; x_wconf 89' lang='lat' dir='ltr'>scholam</span> <span class='ocrx_word' id='word_1_323' title='bbox 918 4277 1124 4342; x_wconf 86' lang='lat' dir='ltr'>Albertinam</span> <span class='ocrx_word' id='word_1_324' title='bbox 1148 4277 1316 4343; x_wconf 83' lang='lat' dir='ltr'>Velaviam</span> 
     </span>
     <span class='ocr_line' id='line_1_40' title="bbox 88 4383 1316 4470; baseline -0.001 -19"><span class='ocrx_word' id='word_1_325' title='bbox 88 4388 318 4470; x_wconf 86' lang='lat' dir='ltr'>transferendi,</span> <span class='ocrx_word' id='word_1_326' title='bbox 341 4387 479 4470; x_wconf 89' lang='lat' dir='ltr'>posthac</span> <span class='ocrx_word' id='word_1_327' title='bbox 503 4387 663 4452; x_wconf 88' lang='lat' dir='ltr'>abiectum</span> <span class='ocrx_word' id='word_1_328' title='bbox 687 4390 744 4450; x_wconf 91' lang='lat' dir='ltr'>est.</span> <span class='ocrx_word' id='word_1_329' title='bbox 791 4383 852 4449; x_wconf 88' lang='lat' dir='ltr'>Sed</span> <span class='ocrx_word' id='word_1_330' title='bbox 875 4385 999 4449; x_wconf 87' lang='lat' dir='ltr'>mirifici</span> <span class='ocrx_word' id='word_1_331' title='bbox 1023 4386 1109 4450; x_wconf 91' lang='lat' dir='ltr'>illius</span> <span class='ocrx_word' id='word_1_332' title='bbox 1133 4385 1167 4449; x_wconf 91' lang='lat' dir='ltr'>in</span> <span class='ocrx_word' id='word_1_333' title='bbox 1190 4385 1316 4450; x_wconf 88' lang='lat' dir='ltr'>litteras</span> 
     </span>
     <span class='ocr_line' id='line_1_41' title="bbox 60 4487 1316 4580; baseline 0.008 -34"><span class='ocrx_word' id='word_1_334' title='bbox 60 4487 193 4549; x_wconf 56' lang='lat' dir='ltr'>Aaron&amp;</span> <span class='ocrx_word' id='word_1_335' title='bbox 215 4492 399 4571; x_wconf 81' lang='lat' dir='ltr'>optandum</span> <span class='ocrx_word' id='word_1_336' title='bbox 423 4498 513 4559; x_wconf 86' lang='lat' dir='ltr'>essct</span> <span class='ocrx_word' id='word_1_337' title='bbox 531 4494 670 4560; x_wconf 82' lang='lat' dir='ltr'>Alberto</span> <span class='ocrx_word' id='word_1_338' title='bbox 695 4493 837 4580; x_wconf 88' lang='lat' dir='ltr'>gratiam</span> <span class='ocrx_word' id='word_1_339' title='bbox 859 4492 1028 4558; x_wconf 87' lang='lat' dir='ltr'>meliorem</span> <span class='ocrx_word' id='word_1_340' title='bbox 1048 4492 1185 4556; x_wconf 87' lang='lat' dir='ltr'>relatam</span> <span class='ocrx_word' id='word_1_341' title='bbox 1207 4491 1316 4576; x_wconf 86' lang='lat' dir='ltr'>fuisse,</span> 
     </span>
    </p>
   </div>
   <div class='ocr_carea' id='block_1_3' title="bbox 0 0 1384 4868">
    <p class='ocr_par' dir='ltr' id='par_1_3' title="bbox 0 0 1384 4868">
     <span class='ocr_line' id='line_1_42' title="bbox 0 0 1384 4868; baseline 0 1"><span class='ocrx_word' id='word_1_342' title='bbox 0 0 1384 4868; x_wconf 95' lang='lat' dir='ltr'> </span> 
     </span>
    </p>
   </div>
  </div>
 </body>
</html>
