2760 4868
559 196 776 261 ..35-

52 382 143 446 quam
170 359 301 423 factum
330 362 400 423 tum
427 357 612 440 reperimus.
658 355 744 421 Nam
771 357 849 421 rixis
877 357 1104 441 theologorum
1130 357 1281 440 princeps

54 468 122 550 pius
145 466 343 551 angebatur,
366 463 518 529 Osiandri
541 465 689 548 maxime,
710 464 843 528 Ioannis
867 462 1010 546 Funccii,
1032 462 1186 527 Friderici
1210 460 1282 527 Sta·

55 574 151 657 phyli,
173 571 335 637 Ioachimi
353 570 499 636 Morlini:
524 594 623 655 quum
643 572 744 654 alteri,
764 570 925 657 ingeniosi
944 592 1021 634 sane
1039 592 1143 654 neque
1160 568 1282 635 indocti

56 681 126 758 viri,
158 679 362 764 theologiam
389 677 633 743 Aristotelicum
661 678 804 743 Luthero
836 682 869 741 et
895 676 1138 742 Melanehthoni
1170 698 1282 761 expro-

57 788 194 867 brantes,
216 786 312 850 fidem
338 806 525 871 germanam
546 785 794 852 Beneventurae
817 788 850 848 et
871 783 940 849 Pici
957 783 1174 850 Mirandulani
1197 782 1282 847 aliis-

58 917 115 977 que
141 893 272 977 placitis
300 892 448 976 mysticis
476 892 638 974 furarent3
667 891 762 956 alteri
787 887 920 955 Lutheri
947 891 1095 957 formulis
1124 890 1284 983 serviliter

58 1001 184 1083 addicti,
206 999 356 1085 quisquis
380 999 422 1062 ab
445 1020 483 1062 eo
506 998 559 1063 vel
581 1002 802 1062 transversum
826 996 965 1081 digitum
987 997 1185 1079 recessisset,
1209 1018 1282 1080 pro·

57 1107 241 1172 nuntiarent
261 1104 474 1189 haereticum3
498 1105 627 1189 utrique
651 1104 795 1189 litigiosi,
818 1104 972 1188 iracundi,
996 1126 1015 1168 a
1038 1104 1173 1169 lenitate
1191 1101 1283 1169 (lhri-

58 1218 160 1281 stiana
182 1218 216 1278 et
240 1213 281 1277 ab
306 1214 512 1279 humanitate
535 1235 572 1278 eo
596 1233 698 1297 usque
722 1211 833 1294 alieni,
856 1215 981 1276 utnon
1004 1212 1108 1276 solum
1131 1210 1283 1276 acerrime

57 1324 160 1389 verbis
185 1324 384 1406 pugnarent,
411 1342 519 1385 verum
543 1320 640 1384 etiarn
664 1339 730 1384 non
752 1304 890 1383 multum
913 1319 1055 1402 abesset,
1085 1318 1162 1403 quin
1186 1319 1283 1383 armis

57 1429 325 1515 digladiarentur;
358 1430 391 1492 et
421 1449 552 1512 prorsus
580 1426 613 1490 in
646 1427 788 1491 furorem
815 1426 959 1510 prolapsi
986 1426 1077 1491 nulla
1104 1448 1138 1490 re
1163 1448 1285 1491 numen

57 1538 198 1602 divinum
226 1535 350 1619 placari
379 1534 503 1618 sibique
531 1534 707 1618 benignum
735 1532 826 1597 reddi
853 1555 890 1597 ac
918 1533 1093 1617 puritatem
1117 1533 1284 1617 religionis

57 1642 242 1707 conservari
269 1641 385 1705 melius
417 1661 513 1724 posse
544 1640 798 1722 arbitrabantur,
831 1661 926 1724 quam
955 1639 994 1704 de
1022 1639 1190 1704 vocabulis
1219 1661 1286 1703 cer·

55 1749 164 1833 tando,
188 1748 397 1832 quaestiones
421 1746 556 1811 subtiles
580 1746 750 1832 agitando,
773 1747 961 1811 criminibus
984 1746 1152 1832 fingendis,
1175 1747 1285 1811 adver·

57 1857 151 1920 sariis
176 1852 429 1920 condemnandis
453 1857 487 1917 et
505 1853 625 1918 invidia
647 1854 836 1938 plusquam
859 1854 1025 1937 pontificia
1047 1853 1285 1938 persequendis.

57 1963 170 2047 Itaque
198 1961 398 2026 eruditorum
427 1959 482 2024 alii
505 1961 591 2043 pulsi
615 1965 706 2042 sunt,
734 1961 790 2025 alii
814 1964 929 2044 sponte
953 1960 1183 2045 discesserunt3
1210 1961 1285 2026 Dux

57 2072 126 2154 ipse
154 2069 336 2134 insolenter
362 2071 580 2151 contemptus,
607 2068 810 2133 contumeliis
837 2068 985 2151 affectus,
1011 2067 1045 2130 in
1069 2067 1285 2152 suspicionem

56 2184 125 2242 tum
158 2176 246 2260 apud
280 2197 356 2241 suos
387 2179 457 2239 tum
492 2173 578 2256 apud
616 2178 742 2240 exteros
774 2179 922 2241 vocatus:
958 2177 1122 2259 postremo
1154 2175 1287 2240 discidia

58 2285 251 2369 opinionum
274 2283 310 2346 in
334 2281 510 2346 discordias
528 2280 637 2345 civiles
660 2283 866 2366 transierunt,
887 2281 973 2347 haud
995 2281 1064 2346 sine
1082 2283 1177 2365 culpa
1199 2283 1286 2366 prin·

58 2393 153 2476 cipis,
177 2390 233 2475 qui
257 2389 334 2453 dum
357 2388 461 2452 turbis
484 2387 710 2473 theologorum
733 2389 944 2474 immiscetur,
972 2388 1049 2453 dum
1071 2393 1180 2471 partes
1202 2410 1287 2454 nunc

57 2498 230 2563 conciliare
254 2500 288 2560 et
311 2494 546 2560 controversias
569 2517 761 2579 componere
785 2494 900 2578 studet,
923 2496 1060 2560 nuncin
1082 2496 1286 2560 refractarios

58 2604 301 2686 animadvertit,
334 2602 459 2667 animos
486 2606 665 2667 commotos
695 2602 970 2687 benignitatisque
1002 2602 1136 2685 perinde
1169 2625 1206 2667 ac
1239 2624 1287 2667 se·

59 2712 206 2777 veritatis
234 2710 441 2795 impatientes
471 2710 575 2793 magis
604 2708 821 2775 excandefecit
848 2713 881 2773 et
908 2709 1118 2791 exasperavit.
1164 2707 1286 2784 Quodsi

60 2820 130 2884 aevi
158 2818 247 2883 illius
274 2818 393 2901 pietas,
427 2820 557 2883 nostrae
584 2817 774 2900 praesertim
800 2815 988 2880 lentitudini
1016 2816 1209 2900 composita,
1240 2838 1287 2880 re-

62 2925 207 2990 verentia
234 2945 362 2988 summa
388 2924 612 3008 prosequenda
636 2924 773 3007 videtur,
801 2945 882 3007 quae
909 2944 978 2986 rem
1005 2922 1147 2986 divinam
1175 2924 1288 2987 ceteris

60 3033 157 3097 rebus
181 3031 332 3096 omnibus
356 3031 589 3115 anteposuerit,
618 3035 650 3095 et
673 3031 881 3096 contentione
910 3051 1036 3094 summa
1059 3029 1156 3094 etiam
1180 3029 1289 3094 adver-

62 3162 115 3203 sus
134 3137 374 3203 dominantium
392 3138 619 3202 auctoritatem
639 3138 682 3203 sit
700 3140 881 3202 sustentare
900 3159 992 3202 ausa:
1012 3142 1122 3203 tamen
1139 3135 1288 3220 estquod

63 3245 163 3311 aetati
194 3249 326 3311 nostrae
360 3245 561 3330 gratulemur
594 3246 747 3310 molestas
784 3243 967 3309 istiusmodi
1002 3243 1238 3328 disputationes
1269 3265 1289 3307 a

64 3354 163 3418 sacris
186 3352 306 3417 litteris
325 3357 476 3435 semotas,
500 3356 625 3417 mentes
648 3351 706 3416 illa
729 3351 892 3416 anxietate
911 3355 944 3415 et
962 3351 1097 3415 tristitia
1115 3351 1289 3434 exsolutas,

64 3459 317 3545 rempublicam
341 3460 478 3524 amalis
503 3459 577 3524 inde
600 3459 807 3524 manantibus
831 3458 1010 3522 liberatam.

152 3565 213 3632 Sed
242 3588 357 3632 revoco
384 3588 436 3631 me
464 3589 483 3631 a
511 3565 784 3651 contemplatione
811 3564 885 3648 viri,
916 3564 983 3648 qui,
1015 3567 1051 3629 ut
1078 3586 1150 3628 mea
1178 3563 1288 3648 opinio
1328 3560 1334 3572 ’

64 3673 138 3757 lert,
167 3673 384 3756 principatum
407 3673 562 3738 divinitus
588 3673 738 3757 adeptus,
764 3694 832 3735 rem
860 3671 1174 3755 praestantissimam
1196 3674 1289 3734 tanta

66 3782 221 3864 sollertia,
257 3784 351 3845 tanta
381 3780 517 3863 pietate,
555 3780 663 3844 animo
695 3784 763 3844 tam
796 3777 948 3861 simplici,
984 3781 1053 3841 tam
1085 3777 1208 3841 sincero
1242 3777 1289 3839 in-

65 3887 194 3952 choavit
217 3910 255 3952 ac
278 3887 424 3972 perfecit,
452 3890 489 3950 ut
516 3887 676 3952 bonorum
703 3886 847 3951 omnium
872 3884 965 3948 laude
990 3905 1027 3948 ac
1050 3883 1289 3967 praedicatione

66 3995 108 4059 sit
134 4016 303 4080 nunquam
330 4016 396 4058 non
424 3993 691 4059 condecorandus.
737 3992 842 4057 Hodie
871 3991 998 4076 quidem
1026 3991 1090 4054 iam
1116 3989 1201 4053 nihil
1224 3991 1289 4054 fere

65 4105 212 4185 superest
238 4102 337 4186 prisci
365 4105 398 4165 et
424 4100 544 4185 integri
568 4101 681 4184 moris,
710 4100 765 4185 qui
793 4099 956 4164 saeculum
983 4096 1062 4161 illud
1086 4097 1290 4161 consideran·

64 4212 128 4272 tem
152 4209 296 4273 oblectat
319 4211 352 4271 et
375 4211 479 4271 tenet:
507 4212 636 4292 tempus
664 4230 769 4272 rerum
796 4228 896 4291 prope
925 4204 1068 4269 omnium
1096 4204 1235 4269 formam
1259 4208 1292 4268 et

66 4316 177 4380 t'aciem
207 4313 405 4379 immutavit:
437 4315 550 4400 religio
581 4315 678 4380 cessit
703 4314 874 4390 avaritiae,
907 4311 1061 4376 severitas
1091 4312 1197 4396 gravis
1229 4311 1290 4375 ele·

66 4424 155 4506 ganti
190 4422 329 4507 levitati,
364 4421 444 4486 fides
478 4422 607 4487 astutiis
646 4425 678 4485 et
715 4420 892 4486 adulationi
929 4418 1116 4504 artibusque
1152 4417 1292 4481 frivolis:

68 4532 254 4593 manserunt
276 4532 380 4590 tamen
398 4528 505 4592 studia
527 4529 712 4597 litterarum
732 4534 766 4598 et
790 4533 890 4598 aucta
913 4534 1012 4619 sunt,
1030 4528 1234 4595 manserunt
1250 4522 1322 4587 *ixii

1066 4636 1108 4694 g*
