2760 4868
564 187 775 250 -57,

65 353 183 433 genter,
215 349 362 423 strenue,
394 346 516 431 integre
544 349 724 429 curaverat,
753 345 804 410 cui
833 347 935 410 multa
962 349 995 408 et
1026 347 1190 428 praeclara
1218 347 1281 411 iam

65 453 268 535 debebamus,
296 454 391 537 plura
413 453 482 517 siue
506 451 602 516 dubio
630 451 770 516 debituri
792 473 932 536 eramus,
959 454 1122 537 postremo
1146 475 1282 538 quocum

64 560 208 625 diuturno
232 583 294 624 usu
322 559 482 643 quandam
510 557 603 643 quasi
631 558 886 624 familiaritatem
909 562 1186 645 contraxeramus,
1214 561 1283 645 qui·

65 667 175 753 quein
199 668 271 751 ipso
295 666 509 731 abdicationis
531 669 711 751 momento,
734 688 831 751 quam
854 666 917 751 ipsi
939 666 1006 731 cari
1029 688 1185 752 essemus,
1209 689 1282 733 ean·

65 771 130 838 dide
157 773 349 857 declaravit,
378 773 429 838 vir
455 774 549 839 nobis
577 773 760 857 praelectus
788 778 849 859 est,
880 797 944 860 quo
971 796 1075 860 neque
1103 773 1283 860 digniorem

66 903 235 946 consensus
258 880 427 946 hominnm
456 884 648 964 monstrare,
674 903 734 945 nec
761 881 945 964 peritiorem
973 881 1110 946 eruditio
1138 903 1283 967 compro-

65 988 149 1070 bare,
177 1009 282 1072 neque
310 988 554 1073 promptiorem,
582 986 811 1072 liberaliorem,
837 986 1058 1052 humaniorem
1087 990 1283 1074 experientia

67 1093 164 1159 edocti
188 1095 369 1159 desiderare
393 1097 426 1158 et
448 1099 597 1180 expetere
620 1098 753 1180 queant:
782 1095 830 1158 vir
853 1095 984 1179 inquam
1011 1095 1134 1160 artibus
1157 1096 1282 1161 eximiis

65 1206 92 1263 et
113 1201 184 1285 pari
208 1201 298 1266 tama
320 1203 462 1287 publice,
490 1202 626 1288 denique
650 1201 798 1266 omnibus
823 1201 923 1266 animi
946 1201 1131 1287 ingeniique
1154 1202 1283 1268 dotibus

65 1309 233 1393 excellens,
260 1332 341 1394 quas
368 1309 404 1373 in
431 1310 574 1394 principe
601 1309 780 1373 litterarum
805 1311 928 1373 rectore
951 1309 1057 1374 inesse
1081 1331 1147 1374 nou
1169 1314 1206 1374 ut
1229 1333 1282 1375 ne-

65 1416 234 1481 oessarmm
266 1417 426 1501 postules,
458 1415 513 1482 sed
546 1419 582 1480 ut
615 1415 780 1501 egregium
813 1415 961 1501 quodque
991 1416 1178 1502 contingere
1211 1440 1284 1483 raro

66 1522 173 1606 possit,
206 1527 349 1607 exoptes.
400 1523 568 1601 Quodnam
601 1523 688 1587 enim
718 1523 758 1588 ad
790 1523 901 1589 florem
932 1522 1150 1588 doctrinarum
1180 1524 1284 1589 maius

65 1651 130 1693 esse
157 1630 361 1696 commodum
390 1634 510 1715 potest,
543 1653 640 1716 quam
672 1630 853 1714 praelectus
884 1629 1055 1715 eiusmodi,
1088 1631 1143 1715 qui
1172 1652 1284 1695 ornnes

65 1735 142 1800 sires
171 1758 365 1822 omnemque
392 1760 501 1803 curam
528 1737 694 1802 intendere
722 1737 879 1817 videatur,
907 1740 943 1801 ut
971 1737 1151 1802 litterarum
1178 1738 1285 1803 studia

65 1841 157 1906 alt-ius
186 1845 325 1928 repetita
352 1845 479 1910 alantur
503 1845 667 1929 latiusque
695 1847 926 1929 propagentur,
954 1865 1068 1928 eaque,
1095 1868 1192 1930 qnam
1219 1868 1285 1910 me·

62 1952 183 2034 rentrn,
216 1950 377 2036 dignitate
410 1955 443 2016 et
474 1953 596 2018 honore
623 1950 794 2016 fruantur?
845 1950 932 2026 Quae
960 1950 993 2014 in
1026 1951 1098 2035 ipso
1127 1953 1284 2017 orationis

61 2056 190 2122 exordio
218 2058 305 2143 dieo,
334 2080 401 2124 non
428 2081 491 2144 quo
520 2059 624 2124 virum
654 2057 959 2123 excellentissimum
986 2058 1046 2142 ita,
1077 2062 1115 2124 ut
1141 2081 1201 2143 par
1227 2063 1286 2142 est,

60 2163 201 2230 laudem:
232 2186 337 2250 neque
369 2166 455 2230 enim
487 2166 540 2231 hic
570 2166 660 2230 locus
687 2164 748 2230 hoc
778 2169 1003 2251 argumentum
1033 2165 1132 2250 capit:
1166 2164 1221 2230 sed
1250 2169 1287 2230 ut

60 2270 157 2358 llegis
187 2272 433 2337 clementissimi
455 2272 608 2337 iudicium
635 2270 816 2356 praedicem
845 2274 877 2335 et
904 2272 1065 2337 extollam.
1112 2272 1210 2336 Aliud
1234 2294 1285 2337 su·

59 2383 179 2463 pereat,
215 2379 302 2464 quod
329 2380 380 2444 rel
412 2401 483 2445 eum
511 2379 654 2464 periculo
686 2379 871 2445 offensionis
902 2379 929 2443 si
959 2401 1024 2444 non
1051 2378 1286 2463 explicandum,

57 2491 144 2551 certe
167 2487 396 2571 attingendum
419 2487 553 2552 videtur.
599 2486 685 2552 Nam
708 2508 747 2550 ex
770 2485 864 2551 initio
879 2486 1132 2570 honestissimo,
1159 2508 1197 2551 ex
1220 2509 1285 2552 me·

58 2594 162 2658 moria
199 2594 352 2658 eeclesiae
389 2616 446 2679 per
477 2593 654 2660 Martinam
686 2592 863 2659 liutherum
900 2595 1069 2659 restitutae
1104 2592 1168 2659 boc
1201 2615 1285 2658 anno

58 2699 245 2764 academico
272 2701 406 2766 ineunte
433 2724 453 2766 a
475 2701 739 2767 Germanicarum
767 2701 1014 2767 universitatum
1042 2700 1181 2766 alumnis
1206 2701 1287 2766 cele·

59 2806 170 2889 brata,
198 2806 275 2892 quia
298 2808 419 2874 inillis
444 2809 652 2874 sollemnibus
672 2809 828 2893 quaedam
853 2807 1049 2892 acciderant,
1077 2829 1158 2893 quae
1181 2807 1216 2871 in
1239 2830 1286 2872 re·

58 2913 308 2997 prehensionem
339 2916 551 3000 incurrerent,
582 2915 698 3001 ingens
730 2913 996 2981 universitatibus
1029 2913 1210 2979 scholarum
1239 2915 1285 2980 in·

58 3019 145 3085 vidia
172 3022 338 3087 concitata
364 3027 427 3108 est,
456 3023 540 3107 apud
568 3044 627 3087 nos
655 3044 731 3088 vero
758 3023 901 3088 tumultu
929 3021 1068 3106 quodam
1095 3025 1203 3106 aucta,
1232 3021 1286 3106 qui

60 3125 160 3213 Regis
188 3129 291 3214 ipsius
319 3131 535 3215 perspicacem
564 3131 708 3195 animum
734 3130 924 3194 adverterat.
969 3128 1050 3193 Tum
1075 3149 1149 3193 vero
1173 3129 1286 3213 quiin

59 3234 121 3299 bac
148 3235 240 3320 regia
269 3236 347 3302 urbe
374 3238 423 3303 vel
453 3237 704 3303 adolescentium
733 3236 857 3321 aliquot
878 3234 1057 3320 licentiam,
1087 3258 1168 3320 quae
1195 3235 1286 3301 facil·

58 3341 145 3406 limis
174 3342 324 3406 remediis
347 3345 508 3429 compesci
532 3347 653 3429 potest,
680 3343 784 3408 mains
812 3341 932 3406 malum
956 3346 1053 3428 qiram
1080 3342 1206 3407 litteras
1231 3342 1286 3407 bo-

59 3470 138 3513 num
167 3470 238 3512 esse
266 3450 454 3535 censebant,
486 3452 536 3516 vel
563 3451 672 3516 nescio
701 3472 780 3535 quas
812 3449 853 3514 ob
883 3471 998 3514 causas
1025 3471 1093 3514 non
1119 3449 1286 3514 ferendam

58 3555 145 3621 hauc
169 3554 357 3621 eruditionis
381 3558 576 3640 palaestram
600 3556 704 3622 adhuc
725 3557 835 3622 multis
859 3556 1019 3621 insuetam
1037 3557 1289 3640 arbitrabantur,

59 3650 222 3728 rumorem
253 3661 292 3726 de
319 3663 545 3729 transferenda
573 3663 623 3727 vel
652 3661 787 3729 delenda
814 3663 926 3729 schola
952 3667 1066 3729 nostra
1092 3662 1286 3728 studiosissi-

61 3793 110 3834 me
144 3773 348 3854 sparserunt,
383 3791 425 3834 ne
455 3769 637 3834 reverentia
673 3770 816 3855 quidem,
852 3795 933 3856 quae
965 3771 1108 3855 Principi
1145 3770 1287 3852 debetur,

62 3879 244 3958 observata,
267 3897 366 3960 quum
389 3875 510 3962 Regem
536 3877 849 3963 constantissimum,
872 3879 947 3944 dum
972 3900 1044 3943 eum
1068 3878 1106 3943 de
1129 3878 1183 3961 iis,
1206 3898 1287 3962 quae

62 4005 148 4049 anno
182 3986 258 4048 ante
294 3989 457 4068 sanxerat,
494 3983 713 4049 rescindendis
746 3985 885 4070 cogitare
919 3985 1151 4068 ementiuntur,
1187 3983 1287 4048 mani-

61 4091 161 4156 festae
194 4090 428 4157 inconstantiae
456 4091 688 4156 insimularent.
736 4091 798 4157 Sed
826 4091 858 4156 in
887 4115 924 4157 ea
951 4116 1000 4176 re,
1028 4092 1067 4156 de
1096 4114 1159 4176 qua
1184 4091 1287 4156 dicere

60 4197 178 4283 incepi,
207 4197 393 4282 Principum
422 4199 562 4282 optimus
590 4220 657 4263 non
685 4202 812 4263 tantum
836 4200 1030 4285 aequitatem
1058 4198 1288 4282 lenitatemque

60 4309 249 4370 consuetam
279 4304 515 4389 comprobavit,
546 4305 602 4370 sed
629 4304 728 4370 etiam
756 4328 853 4390 quam
885 4305 1008 4389 peritus
1037 4304 1287 4370 adolescentium

61 4412 268 4505 existimator
291 4413 388 4496 esset,
411 4411 598 4495 planissime
622 4412 778 4496 ostendit,
800 4413 854 4499 qui
877 4434 943 4477 non
967 4418 1132 4496 tamquam
1156 4411 1190 4474 in
1214 4431 1289 4474 con-

62 4519 186 4584 iuratos
210 4518 545 4606 animadvertendum,
573 4519 629 4586 sed
655 4519 788 4587 iuvenili
811 4519 1014 4606 ingeniorum
1038 4517 1144 4588 ardori
1167 4513 1289 4600 aliquid
