2760 4868
620 163 840 227 ,,64..

117 324 304 408 sinuaverit,
342 324 425 388 ultro
460 344 567 387 secum
604 323 770 407 abreptam
804 322 837 385 in
872 324 984 388 melius
1020 329 1219 409 promoveat
1273 326 1344 394 lam

117 432 293 516 quodnam,
321 452 453 515 quaeso,
483 430 529 494 rei
557 429 705 512 publicae
732 429 837 493 maius
865 431 1068 496 commodum
1096 434 1261 499 conciliari
1287 457 1343 519 po·

116 537 203 603 test?
248 539 365 622 quippe
389 558 485 622 quae,
513 536 577 601 nisi
601 535 809 620 provehatur,
837 537 913 602 dum
940 539 1103 624 consistit,
1131 540 1198 605 otio
1222 544 1256 605 et
1277 542 1344 607 lan-

117 664 216 729 guore
244 648 479 728 corrumpatur.
523 643 676 708 Attamen
704 665 742 707 ea
769 664 885 729 regna,
912 667 994 730 quae
1023 646 1107 711 mole
1136 647 1343 739 sua‘firmius

117 751 255 816 subnixa
278 754 368 834 sunt,
395 750 512 815 litteris
541 771 647 814 carere
671 749 697 813 si
723 771 788 814 non
812 751 957 835 impune,
985 757 1070 817 certe
1099 754 1241 818 securius
1268 778 1343 840 pos·

117 861 208 922 sunt:
240 878 322 942 quae
351 858 496 922 civitates
524 861 561 921 ut
587 855 756 940 Borussia,
788 860 825 921 ut
851 862 922 923 tota
953 858 1018 924 fere
1047 859 1234 947 Germania,
1266 863 1342 928 vici·

116 985 231 1029 narum
259 965 398 1048 impares
426 964 548 1029 viribus
576 967 664 1049 sunt,
692 964 776 1048 quod
805 964 896 1029 deest
919 965 960 1029 ad
988 967 1112 1050 copias,
1139 968 1342 1053 ingeniorum

115 1070 283 1135 alacritate
315 1072 488 1156 suppleant
517 1092 647 1135 necesse
679 1074 737 1136 est.
788 1070 857 1147 Quo
884 1071 1018 1138 deducta
1047 1095 1081 1138 re
1114 1097 1244 1159 possem
1274 1076 1341 1141 iam

115 1178 212 1242 finem
236 1177 340 1243 facere
364 1179 402 1242 de
425 1178 606 1242 litterarum
629 1177 768 1241 utilitate
792 1178 938 1263 diceudo,
965 1181 1028 1244 nisi
1053 1182 1236 1267 aequalium
1259 1184 1334 1248 mul·

115 1289 166 1350 tos
190 1286 225 1349 in
251 1284 491 1369 philosophiam
520 1283 698 1348 declamare
726 1285 853 1349 diversa
880 1285 1050 1351 admodum
1079 1288 1205 1353 ratione
1234 1294 1267 1354 et
1295 1289 1340 1355 di·

115 1393 217 1459 versis
245 1414 284 1457 ex
307 1393 412 1457 causis
436 1391 591 1455 viderem:
619 1391 734 1476 quibus
762 1395 889 1457 tautum
918 1393 1011 1458 abest
1032 1396 1070 1457 ut
1091 1395 1269 1460 cedendum
1293 1418 1342 1461 ar-

114 1499 228 1583 bitrer,
260 1503 296 1564 ut
322 1500 370 1564 rei
396 1498 543 1583 publicae
571 1497 693 1563 nullam
725 1500 879 1564 scientiae
911 1504 1036 1585 partem
1070 1524 1167 1586 quam
1197 1502 1340 1586 philoso-

114 1606 225 1690 phiam
253 1607 414 1671 utiliorem
443 1625 600 1669 censeam.
650 1603 734 1670 Nam
763 1607 825 1671 etsi
854 1607 924 1671 sola
955 1606 1164 1692 philosophia
1192 1610 1341 1675 civitates

115 1714 184 1798 regi
211 1716 389 1798 nequeunt,
419 1734 517 1797 quum
547 1712 648 1776 multo
676 1734 782 1777 rerum
811 1736 872 1778 usu
902 1718 1113 1800 accurateque
1141 1718 1174 1779 et
1205 1717 1340 1801 populo·

115 1844 186 1886 rum
206 1823 238 1884 et
256 1820 399 1885 omnium
419 1819 598 1883 incivitate
617 1819 840 1884 institutorum
859 1820 1041 1906 cognitione
1061 1843 1142 1905 opus
1166 1822 1220 1907 sit,
1244 1846 1339 1908 quam

114 1927 253 1993 historia
275 1925 474 2011 suppeditat:
498 1929 607 1990 tamen
630 1926 837 2011 philosophia
858 1949 925 1991 non
948 1927 1053 1992 solum
1076 1932 1201 1994 mentes
1225 1931 1340 1995 eximie

114 2035 202 2100 acuit
224 2038 257 2099 et
285 2036 425 2118 exercet,
451 2054 556 2097 mores
580 2034 742 2117 emendat,
770 2056 876 2099 rerum
906 2034 1169 2120 gravissimarum
1196 2037 1340 2102 rationes

115 2142 266 2226 explicat,
294 2142 419 2206 animos
447 2140 678 2223 superstitione
706 2163 743 2206 ac
770 2141 949 2225 praeceptis
978 2141 1185 2226 opinionibus
1209 2143 1340 2228 liberat3

113 2271 224 2316 verum
252 2249 362 2327 etiam,
390 2246 476 2332 quod
503 2247 680 2312 maximum
707 2251 771 2330 est,
799 2249 839 2312 iis
867 2248 922 2333 qui
946 2247 1077 2313 adrem
1102 2250 1266 2333 publicam
1291 2274 1340 2317 ac·

114 2357 244 2437 cedunt,
272 2355 353 2419 fines
381 2354 595 2420 bonorumet
621 2354 780 2420 malorum
803 2359 981 2439 monstrat,
1009 2358 1042 2420 et
1065 2377 1128 2441 quo
1152 2355 1341 2442 dirigendae

113 2464 260 2528 civitates
284 2462 362 2541 sint,
390 2461 489 2546 siquis
518 2460 547 2524 ei
575 2462 755 2527 auscultare
779 2462 870 2543 velit,
897 2462 984 2527 haud
1010 2462 1145 2529 obscure
1169 2463 1341 2549 significat

112 2569 194 2635 Mihi
225 2570 383 2655 profecto,
415 2589 609 2653 quamquam
642 2568 756 2632 harum
788 2567 927 2634 fortasse
955 2591 1061 2634 rerum
1095 2592 1208 2653 parurn
1239 2572 1340 2637 scitus

114 2679 233 2743 arbiter
260 2677 417 2760 habebor,
445 2696 538 2740 nemo
567 2674 605 2739 de
629 2676 753 2758 optimo
781 2676 923 2741 civitatis
951 2698 1068 2763 genere
1097 2677 1237 2743 divinius
1262 2680 1339 2744 scri-

111 2789 216 2870 psisse
249 2784 386 2867 videtur,
422 2804 518 2868 quam
550 2782 774 2867 philosophiae
808 2783 1009 2848 academicae
1046 2783 1206 2868 conditor3
1243 2808 1340 2871 quem

113 2893 198 2978 quod
228 2895 364 2976 uterque
392 2889 568 2973 Dionysius
601 2894 801 2975 repugnante
831 2891 1007 2956 aulicorum
1037 2895 1069 2955 et
1098 2894 1339 2957 assentatorum

112 2999 208 3065 turba
230 2997 360 3082 imperii
382 3000 419 3060 ut
443 2996 569 3061 videtur
591 2997 742 3063 firmandi
765 3020 862 3062 causa
885 2998 1128 3082 arcessiverunt,
1151 3001 1262 3082 potest
1285 3000 1339 3064 do·

112 3109 260 3172 cumento
285 3126 369 3188 esse,
397 3104 495 3168 etiam
524 3104 619 3169 rebus
648 3104 796 3190 gerendis
825 3108 937 3190 aptum
961 3128 1032 3170 euni
1057 3127 1127 3170 esse
1152 3105 1339 3172 iudicatum.

112 3213 196 3290 Quid
224 3213 252 3277 si
280 3211 427 3296 exempla
454 3211 632 3276 civitatium
661 3215 736 3276 aunt
764 3235 783 3276 a
810 3212 1014 3296 philosophis
1041 3212 1243 3279 faustissimo
1268 3238 1338 3280 suc·

111 3342 203 3384 cessu
236 3319 555 3384 administratamm?
600 3320 671 3405 quis
704 3319 789 3383 enim
816 3318 971 3404 Magnam
999 3317 1180 3401 Graeciam,
1211 3320 1289 3386 duur
1319 3344 1339 3387 a

111 3426 328 3512 Pythagoreis
364 3427 500 3511 regitur,
523 3426 640 3490 nescit
676 3425 774 3489 fuisse
811 3425 1047 3509 felicissimam,
1083 3427 1198 3492 iisdem
1236 3429 1338 3511 pulsis

111 3534 264 3599 continua
291 3533 449 3598 seditione
476 3532 569 3597 foede
597 3531 842 3617 perturbatam?
887 3531 979 3609 Quod
1002 3534 1128 3598 utinam
1151 3555 1257 3597 rerum
1281 3557 1339 3618 pu·

110 3641 268 3706 blicarum
291 3645 431 3706 rectores
454 3640 590 3705 mallent
607 3638 831 3724 philosophiae
853 3641 986 3724 monita,
1010 3663 1106 3725 quam
1128 3640 1338 3726 nescioquas

110 3752 196 3813 artes
225 3749 330 3834 sequi:
363 3751 448 3813 certe
476 3768 544 3811 non
570 3751 665 3812 tants
692 3746 841 3830 avaritia,
873 3745 1007 3831 invidia,
1040 3747 1178 3831 ambitu,
1209 3747 1338 3813 luxuria

111 3878 283 3940 oppressas
306 3855 485 3920 videremus
510 3855 668 3919 civitates.

198 3961 267 4028 Iam
291 3963 472 4028 litterarum
495 3966 529 4026 et
551 3961 692 4026 civilium
716 3982 824 4025 rerum
848 3961 1082 4045 coniunctione,
1106 3961 1234 4047 qualem
1254 3961 1337 4026 mihi

109 4071 323 4154 conformavi,
350 4070 570 4134 demonstrata
598 4072 744 4152 superest
772 4073 808 4132 ut
835 4067 954 4147 dicam,
982 4068 1059 4152 quid
1087 4068 1126 4132 de
1154 4067 1337 4133 litterarum

108 4178 253 4262 ipsarum
282 4178 317 4241 iu
349 4199 383 4241 re
415 4176 545 4260 publica
577 4177 663 4239 statu
695 4175 769 4238 inde
800 4174 912 4260 colligi
943 4174 1096 4240 videatur.
1149 4173 1276 4258 Quippe
1310 4175 1337 4239 si

91 4285 328 4349 ¹doctrinarum
355 4282 428 4347 finis
456 4286 542 4347 esset
568 4282 609 4366 is,
637 4282 692 4366 qui
715 4304 735 4346 a
761 4282 924 4348 nonnullis
947 4282 1149 4366 perhibetur,
1178 4303 1336 4367 quemque

108 4411 178 4456 esse
211 4413 277 4456 uon
306 4411 401 4475 posse
429 4412 529 4473 supra
556 4389 741 4474 explanavi,
773 4389 895 4454 civitati
929 4388 1049 4453 servire
1080 4389 1209 4454 litterae
1240 4388 1335 4453 debe-

108 4496 202 4585 bant:
232 4498 282 4563 sin
309 4520 348 4562 ea
375 4497 564 4563 eruditionis
593 4501 644 4561 est
670 4497 813 4582 gravitas
841 4501 936 4582 atque
965 4495 1122 4581 dignitas,
1150 4516 1247 4579 quam
1272 4495 1335 4579 ipsi
