2760 4868
567 272 782 336 ..67-

65 430 175 495 tatibus
210 432 531 516 perniciosissimam.
582 431 666 496 Nam
696 431 775 495 nihil
805 453 856 495 me
888 431 992 495 iudice
1025 453 1092 495 rom
1125 431 1287 514 publicam

64 538 281 621 pestilentiore.
306 538 382 602 tabe
407 537 524 621 inficit,
552 559 648 620 quam
672 537 868 602 universitas
896 537 1081 603 scholarum
1111 537 1288 621 depravata

64 649 277 727 etcorrupta‚
300 667 383 728 quac
407 667 464 730 pro
489 645 592 710 doctis
616 650 650 708 ct
672 645 873 728 sapientibus
897 650 930 709 et
953 646 1088 731 integris
1113 646 1189 709 viris
1214 645 1287 708 mit·

64 754 105 814 tat
137 752 325 836 imperitoS,
359 752 509 834 stolidos,
544 773 669 815 morum
702 753 914 836 perversitate
946 753 1071 817 foedos:
1108 753 1157 816 cui
1192 752 1288 835 malo,

65 858 111 921 ubi
135 858 269 923 scholae
294 859 396 923 altius
419 863 452 922 et-
474 858 557 943 quod
585 859 677 922 aiunt
700 859 773 922 imis
797 858 945 923 medullis
969 860 1104 924 infixum
1128 863 1189 941 ost,
1218 880 1286 923 cor-

64 964 190 1048 rigendo
230 987 342 1050 aegre,
380 964 503 1030 excidio
542 965 720 1029 certissime
758 950 914 1029 medeare.
974 964 1142 1031 Postremo
1178 987 1286 1029 rerum

65 1074 221 1135 momenta
252 1069 428 1154 prudenter
458 1070 698 1154 pensitantibus
728 1071 858 1155 gravius
888 1071 992 1136 multo
1023 1074 1057 1136 in
1089 1072 1206 1137 litteris
1240 1072 1285 1136 al-

65 1182 162 1241 terum
186 1177 352 1242 libertatis
376 1198 476 1262 genus
501 1177 674 1261 videbitur,
700 1200 795 1262 quam
820 1177 1004 1242 interiorem
1028 1178 1210 1242 libertatem
1234 1201 1287 1244 vo·

65 1284 139 1366 rari,
162 1289 195 1348 et
215 1284 248 1347 in
269 1282 405 1349 docendi
425 1283 648 1368 scribendique
666 1284 792 1350 ratione
811 1285 907 1349 nullis
927 1284 1141 1349 illiberalitas
1159 1284 1285 1368 legibus

64 1391 235 1455 constricta
260 1395 294 1454 et
317 1390 470 1474 impedita
493 1391 675 1473 ponendam
695 1391 843 1455 arbitror.
881 1389 970 1467 Quae
988 1414 1085 1475 quum
1110 1390 1184 1454 huic
1207 1412 1285 1475 quo·

64 1520 118 1582 que
152 1496 286 1562 scholae
320 1496 533 1560 sanctissimis
567 1498 853 1562 constitutionibus
881 1498 1071 1562 confirmata
1101 1497 1157 1581 sit,
1190 1519 1286 1580 super

10 1676 12 1683 ¹
63 1610 162 1669 cetera
191 1609 301 1668 autem
331 1603 500 1668 commodo
528 1604 658 1687 provisa
684 1608 799 1669 cuncta
823 1604 1007 1694 videantur2
1032 1625 1072 1667 ne
1101 1605 1150 1669 vel
1173 1609 1287 1669 nostra

10 1702 12 1741 ³
61 1711 202 1776 doctrina
226 1734 246 1775 a
270 1714 358 1775 recto
382 1709 534 1774 scientiae
557 1712 619 1775 fine
644 1712 783 1795 abcrrct,
811 1712 860 1775 rel
884 1734 952 1795 cas,
979 1734 1058 1796 quas
1088 1712 1170 1795 dixi,
1197 1711 1284 1775 utili·

10 1818 12 1825 '
61 1823 140 1882 tates
163 1819 211 1882 rei
237 1817 385 1901 publicae
407 1821 571 1900 praestare
591 1841 656 1883 non
679 1819 797 1902 possit:
821 1840 986 1903 nunquam
1006 1819 1086 1884 satis
1105 1818 1285 1903 praedicari

61 1924 212 1989 Friderici
238 1923 391 1989 Guilelmi
415 1923 577 2006 sapientia
599 1928 721 2008 potest,
746 1926 799 2008 qui
824 1925 1012 1990 eruditionis
1036 1925 1143 1990 sedem
1167 1928 1201 1989 in
1224 1925 1285 1990 hac

59 2032 147 2111 urbe,
183 2031 312 2115 imperii
342 2031 461 2114 capite,
493 2033 684 2115 instituerit,
717 2033 772 2096 ubi
800 2054 914 2114 sparsa
945 2032 1128 2097 litterarum
1162 2034 1285 2097 semina

60 2140 225 2205 uberiores
241 2161 338 2224 quam
358 2138 392 2202 in
415 2139 521 2203 minus
541 2139 661 2204 illustri
679 2141 751 2205 loco
770 2140 853 2202 forre
872 2138 994 2206 fructus
1014 2139 1148 2223 possint.
1185 2137 1285 2203 Cuius

58 2247 141 2311 ritae
164 2252 203 2310 ut
233 2244 393 2328 plurimos
417 2268 519 2310 annos
543 2247 637 2311 nobis
661 2250 694 2310 et
715 2247 761 2310 rei
788 2246 935 2329 publicae
959 2247 1126 2310 universae
1151 2247 1286 2330 faustos,

56 2353 162 2418 felices
192 2373 431 2436 prosperosquc
456 2352 566 2431 addat,
595 2352 699 2417 Deum
724 2352 887 2436 Optimum
913 2352 1090 2417 Maximum
1119 2375 1157 2417 cx
1185 2352 1284 2417 animi

55 2461 217 2525 sententia
248 2463 347 2543 atquc
376 2481 448 2523 cum
477 2482 603 2524 summo
632 2464 665 2524 et
687 2459 810 2545 gratiae
835 2463 867 2523 et
894 2460 1025 2542 pietatis
1049 2460 1131 2545 Regi
1160 2460 1284 2543 optimo

55 2568 184 2632 debitae
210 2567 332 2630 affectu
357 2565 451 2630 hodie
475 2587 652 2648 precamur.
