2760 4868
560 183 777 246 „31-

47 342 133 402 rant:
156 339 385 405 dominationi
408 341 598 424 tyrannicae
622 343 750 407 obsunt.
796 340 828 405 le
852 341 982 405 tandem
1006 325 1109 405 bonus
1132 342 1281 425 princeps

48 444 216 509 habendus
242 452 308 528 est,
337 447 393 530 qui
422 447 537 512 litteris
560 448 738 531 potentiam
763 469 853 511 suam
877 447 1059 511 confirmari
1084 449 1280 533 cognoverit,

51 573 112 616 non
140 553 266 618 auxilio
296 553 433 618 militari
460 554 636 618 tutandam.
688 553 871 619 Accedebat
898 554 983 637 quod
1013 553 1179 638 Alhertus,
1213 559 1281 618 tum

53 659 223 724 eruditioni
247 660 377 725 deditus
397 665 467 725 tum
490 661 575 725 viros
595 662 707 725 doctos
732 664 763 724 et
786 661 857 744 pios
882 661 987 725 colere
1011 683 1182 746 eorumque
1207 683 1281 726 con-

55 767 129 831 siliis
154 768 293 850 obsequi
318 768 443 850 solitus,
466 767 579 831 lucem
593 767 776 832 litterarum
799 768 1026 852 religionisque
1051 768 1092 831 ob
1116 769 1280 852 propriam

56 897 161 939 earum
184 875 426 959 praestantiam
453 874 609 938 latissime
633 875 806 959 propagari
834 862 985 958 cupiebat
1007 875 1195 959 flagranter:
1222 873 1280 938 La-

56 983 139 1045 tinae
163 982 265 1046 etiam
289 982 422 1065 linguae
447 1002 510 1045 uon
533 981 630 1046 modo
655 1003 775 1067 guarus
800 986 883 1065 erat,
908 982 963 1046 sed
988 1002 1025 1045 ea
1048 980 1281 1046 delectabatur:

57 1087 88 1151 in
108 1087 297 1172 eloquentia
325 1110 400 1152 curn
425 1085 576 1153 Cicerone
608 1092 641 1151 et
664 1086 882 1152 Demosthene
911 1088 951 1152 ab
976 1089 1101 1171 aequali
1126 1088 1281 1170 scriptore

57 1193 238 1259 laudatione
272 1195 341 1258 sine
375 1193 472 1258 dubio
505 1194 689 1258 liberaliore
720 1195 931 1277 componitur.
983 1193 1103 1270 Quodsi
1133 1200 1280 1259 senatum

57 1301 235 1365 academiae
259 1300 540 1386 Regiomontanae
567 1300 684 1365 litteris
715 1300 798 1366 datis
826 1300 966 1387 monuit,
994 1306 1030 1366 ut
1057 1303 1091 1366 in
1119 1303 1173 1386 iis,
1202 1326 1283 1388 quae

58 1408 94 1472 ad
130 1409 240 1492 ipsum
279 1408 452 1473 scribenda
488 1412 611 1492 essent,
646 1408 759 1493 lingua
796 1413 941 1474 uteretur
977 1407 1181 1493 Germanica,
1218 1432 1284 1474 non

57 1537 109 1580 sua
136 1538 237 1580 eausa
260 1514 322 1580 hoc
352 1514 442 1599 fecit,
470 1515 526 1580 sed
549 1516 648 1599 quod,
678 1515 749 1599 ipso
778 1515 939 1600 tradente,
968 1516 1116 1580 nonnulli
1145 1538 1182 1580 ex
1210 1539 1283 1581 eon·

56 1622 199 1705 siliariis,
228 1622 422 1707 quibuscum
451 1622 489 1686 dc
516 1623 557 1686 iis
584 1624 681 1687 rebus
710 1622 925 1706 deliberabat,
959 1623 1115 1687 sermonis
1143 1623 1283 1688 Romani
1347 1660 1351 1668 ·

56 1728 97 1792 ita
129 1732 227 1793 erant
259 1728 415 1813 imperiti,
447 1732 484 1792 ut
515 1729 765 1812 interpretandis
799 1730 832 1792 in
860 1750 970 1793 eorum
998 1729 1138 1814 gratiam
1166 1730 1282 1795 libellis

55 1838 180 1919 tempus
215 1837 451 1900 absumeretur.
502 1835 695 1918 Exemplum
728 1835 937 1900 memorabile
964 1835 1121 1920 principis
1151 1837 1283 1902 cohorte

55 1944 231 2008 amicorum
256 1943 354 2027 longe
378 1941 544 2024 doctioris,
573 1943 606 2005 in
631 1942 730 2026 stirpe
753 1946 862 2006 tamen
886 1942 1174 2029 Brandenhurgica
1196 1943 1283 2009 haud

54 2051 196 2115 unicum:
234 2054 268 2114 et
300 2048 499 2133 frequentior
536 2070 574 2112 ea
610 2052 714 2113 aetate
751 2050 785 2112 in
817 2049 898 2113 aulis
931 2049 1034 2113 solida
1069 2048 1206 2114 eruditio
1245 2072 1283 2114 ex

54 2156 200 2220 lontibus
239 2156 445 2239 antiquitatis
483 2154 631 2234 deducta,
669 2155 786 2239 quippe
825 2176 905 2239 quas
938 2152 1056 2219 Gallici
1088 2155 1213 2241 lepores
1251 2160 1284 2221 et

53 2261 190 2327 facetiae
219 2261 365 2326 nondum
395 2261 599 2346 subegissent
631 2267 664 2327 et
694 2262 756 2325 sibi
785 2262 877 2346 quasi
904 2262 1093 2327 tributarias
1121 2262 1283 2328 fecissent.

51 2367 202 2432 Eundem
227 2367 427 2433 mathemata
449 2367 568 2433 fovisse
591 2368 720 2433 tabulae
744 2367 935 2433 Prutenicae
961 2370 1001 2434 ab
1024 2369 1162 2434 Erasmo
1186 2370 1282 2435 Rein·

52 2475 150 2541 holdo
179 2474 348 2541 confectae
376 2478 552 2559 testantur,
585 2496 666 2560 quae
700 2474 785 2559 quod
812 2475 965 2540 Albertus
997 2475 1161 2560 impensas
1190 2477 1283 2542 mini·

52 2584 184 2665 stravit,
216 2586 254 2646 ut
285 2581 508 2666 Alphonsinae
537 2581 614 2646 olim
644 2604 662 2645 a
691 2579 842 2646 Castiliae
871 2602 960 2666 rege,
992 2584 1034 2647 ab
1063 2583 1134 2668 ipso
1163 2606 1282 2649 nomen

52 2691 264 2754 invenerunt:
287 2688 513 2773 theologorum
536 2710 611 2753 vero
632 2688 801 2773 disciplina
825 2688 904 2753 adeo
929 2688 1046 2753 dilecta
1068 2691 1207 2774 principi
1228 2691 1283 2774 pio

52 2797 128 2875 tuit,
161 2801 199 2860 ut
229 2817 296 2860 non
325 2796 429 2860 solum
457 2794 730 2879 disputationibus
762 2795 913 2880 publicis,
946 2795 1001 2859 sed
1034 2796 1131 2860 etiam
1164 2797 1283 2862 scholis

54 2903 275 2987 professorum
299 2901 395 2966 simul
419 2924 490 2966 cum
511 2901 664 2967 studiosis
687 2903 866 2967 interesset.
908 2901 975 2966 Nec
994 2902 1191 2968 bibliotheca
1215 2905 1283 2968 eius

54 3010 185 3094 duplex,
214 3008 333 3074 Latina
361 3009 476 3092 altera,
504 3008 607 3072 altera
630 3007 836 3093 Germanica,
865 3008 1044 3074 omittenda
1073 3013 1137 3093 est,
1164 3010 1283 3094 partim

54 3117 87 3179 in
123 3139 232 3200 suum,
270 3116 390 3200 partim
426 3116 460 3179 in
497 3136 698 3180 communem
735 3139 827 3181 usum
866 3119 1061 3199 comparata.
1114 3115 1283 3182 Postremo

55 3223 203 3288 ardorem
230 3222 484 3307 pulcherrimum
512 3222 705 3288 incendebat
731 3247 812 3289 uxor
839 3222 937 3286 Anna
964 3222 1145 3303 Dorothea,
1175 3222 1283 3287 Fride·

55 3330 112 3394 rici
141 3329 312 3395 Danorum
345 3329 432 3415 regis
464 3329 544 3412 filia,
576 3351 595 3392 a
627 3352 690 3414 qua
722 3330 897 3415 impulsum
930 3329 1100 3414 coniugem
1132 3351 1215 3412 esse,
1248 3334 1285 3396 ut

56 3436 159 3501 hlnsis
197 3437 284 3501 atria
320 3435 455 3519 dicaret,
496 3440 529 3499 et
565 3459 645 3519 opus
684 3437 774 3520 pium
811 3437 922 3501 sedulo
959 3437 1121 3521 adiutum,
1157 3440 1284 3520 practer

54 3541 211 3608 loannem
244 3542 492 3608 Brissmannum
525 3541 684 3627 Georgius
717 3542 872 3626 Sabinus,
909 3543 1032 3626 primus
1064 3543 1284 3608 universitatis

56 3649 183 3732 Rector,
208 3649 350 3714 carmine
374 3650 516 3734 elegiaco
540 3653 691 3714 testatur:
722 3651 793 3733 ipsa
817 3673 855 3714 ex
878 3649 1038 3715 fructibus
1067 3652 1134 3716 suis
1157 3654 1283 3734 partem

56 3757 183 3821 aedium
208 3757 393 3822 academiae
421 3757 591 3835 exstruxit,
620 3757 781 3841 stipendia
807 3758 976 3823 iuvenibus
1004 3758 1168 3823 nobilibus
1192 3781 1284 3842 prae-

58 3864 140 3944 buit,
170 3865 298 3949 siquem
327 3864 542 3928 studiosorum
572 3865 823 3929 adolescentium
851 3865 938 3929 cultu
962 3869 994 3929 et
1017 3866 1135 3930 vestitu
1159 3866 1284 3930 obsole-

59 3972 142 4035 tiore
165 3974 392 4054 conspexerat,
417 3969 514 4034 adse
539 3972 645 4035 vocari
669 3972 774 4056 iussit,
797 3976 902 4036 vestes
927 3973 1069 4038 donavit.
1114 3973 1183 4037 lam
1208 3995 1282 4038 vero

60 4099 157 4161 quam
180 4077 359 4160 sapienter,
382 4099 477 4161 quam
502 4078 567 4162 pie,
595 4100 691 4163 quam
715 4079 893 4152 liberaliter
917 4102 951 4143 se
976 4081 1128 4145 Albertus
1152 4080 1186 4143 in
1210 4102 1283 4144 con-

60 4183 164 4247 denda
189 4184 308 4247 artium
332 4183 405 4247 sede
430 4185 579 4269 gesserit,
608 4185 724 4249 litteris
754 4189 829 4249 ante
854 4186 1084 4252 dedicationem
1108 4187 1283 4271 propositis

59 4291 127 4372 ipse
151 4290 275 4374 optime
299 4289 468 4373 significat.
505 4290 590 4355 Nam
614 4313 692 4374 pace
712 4291 882 4357 Borussiae
905 4295 1037 4378 reddita,
1061 4316 1157 4378 quam
1181 4295 1283 4359 multa

59 4398 166 4462 civilia
195 4401 386 4462 ornamenta
415 4398 501 4462 bello
530 4398 579 4461 vel
608 4398 712 4463 deleta
744 4400 794 4463 vel
823 4406 976 4485 quassata
1003 4405 1124 4485 essent,
1157 4402 1283 4484 iudicia,

60 4505 159 4589 leges,
191 4502 407 4586 disciplinam,
439 4526 608 4570 censuram
636 4527 761 4569 morum
791 4528 825 4571 se
853 4507 1015 4571 reduxisse
1045 4530 1081 4572 ac
1109 4508 1282 4571 munivisse
