2760 4868
608 187 829 251 „28-

107 349 270 432 praeclare
303 349 388 413 facta
420 368 686 412 commemorare:
723 351 774 412 tot
809 346 948 417 militum
985 349 1264 414 exauctorationes
1298 354 1332 414 et

106 455 290 539 missiones,
314 455 429 540 quibus
454 455 539 519 arvis
563 455 716 537 cultores,
744 476 857 538 operas
882 453 1033 538 opificiis,
1056 455 1175 520 scholia
1198 456 1332 520 litteris-

107 583 168 646 que
191 561 380 646 discipulos,
405 562 559 626 uxoribus
584 566 616 626 et
638 561 749 626 liberis
773 561 906 626 maritos
931 582 968 626 ac
991 565 1100 645 patres
1123 563 1332 642 familiarum,

106 669 297 754 parentibus
320 669 404 733 filios
428 668 578 754 reddidit3
601 668 714 733 foedus
737 668 816 732 illud
838 652 1127 753 religiosissimum,
1148 670 1234 753 quod
1258 692 1333 734 cum

106 773 299 841 Caesaribus
323 777 373 842 sui
396 776 570 841 simillimis
599 776 639 841 ad
669 776 779 840 orbem
802 779 962 841 terrarum
985 776 1121 841 firmiter
1148 777 1334 860 pacandum

105 882 243 969 pepigit3
280 884 388 948 levata
424 884 577 949 subiectis
613 883 797 969 vectigalia;
837 883 1022 966 provincias
1058 883 1243 968 nuperrime
1281 907 1332 949 sa-

34 1050 40 1058 .
105 989 232 1072 pienter
269 990 475 1073 constitutas3
513 990 679 1054 ecclesiam
710 990 888 1055 honoribus
921 990 1102 1075 magnificis
1134 993 1261 1054 auctam
1299 996 1334 1056 et

106 1099 270 1179 ornatam3
298 1096 464 1181 praeclara
493 1097 653 1161 artificum
682 1119 779 1181 opera
808 1117 927 1182 magno
956 1120 1029 1162 cum
1057 1101 1187 1182 sumptu
1216 1099 1250 1163 in
1273 1122 1333 1184 pu·

105 1203 224 1269 blicam
246 1204 424 1269 utilitatem
447 1208 647 1287 comparata,
672 1204 736 1267 alia
758 1205 920 1287 permulta
942 1204 1097 1269 beneficia
1119 1206 1239 1289 partim
1262 1228 1334 1290 per·

105 1309 205 1396 fecta,
231 1311 351 1395 partim
379 1311 545 1395 inchoata,
572 1311 691 1394 partim
719 1312 786 1376 suia
814 1310 942 1395 populis
970 1311 1144 1376 identidem
1167 1313 1333 1397 benignis-

106 1417 186 1482 sime
209 1418 378 1502 promissa.
415 1416 647 1500 Verumtamen
671 1416 727 1482 cur
746 1419 914 1483 materiam
932 1418 1149 1504 largissimam
1173 1418 1333 1484 intactam

106 1546 192 1591 nunc
230 1525 473 1610 relinquendam
510 1546 685 1604 censerem,
722 1526 803 1589 duae
836 1525 1040 1609 potissimum
1079 1546 1194 1589 causae
1230 1528 1335 1609 erant,

108 1631 279 1696 auditores.
329 1629 414 1696 Nam
445 1632 586 1716 primum
613 1631 712 1717 Regis
744 1632 849 1697 nostri
876 1632 1034 1697 modestia
1062 1632 1238 1716 spectanda
1270 1635 1334 1697 est:

106 1743 298 1823 aspernatur
326 1739 381 1803 ille
410 1760 479 1804 sese
507 1739 682 1825 quotannis
710 1740 817 1804 dedita
847 1760 945 1823 opera
970 1739 1095 1803 laudari
1123 1742 1218 1823 atque
1246 1740 1336 1805 ultra

105 1850 228 1912 ceteros
255 1847 409 1911 mortales
437 1847 557 1910 efferri:
585 1848 757 1931 planeque,
787 1847 872 1930 quod
900 1846 939 1911 de
968 1845 1109 1912 Traiano
1133 1868 1191 1911 suo
1221 1843 1333 1911 Caeci·

104 1953 181 2037 lius,
209 1975 326 2036 „unum
354 1952 409 2017 ille
432 1974 466 2018 se
494 1975 531 2017 ex
559 1954 667 2037 nobis,
694 1957 728 2016 et
755 1953 817 2018 hoc
845 1954 948 2039 magis
977 1953 1102 2017 excellit
1132 1956 1227 2036 atque
1256 1952 1332 2017 emi·
1358 1994 1361 1999 .

106 2064 176 2144 net,
204 2060 289 2145 quod
319 2083 419 2125 unum
447 2081 485 2124 ex
512 2060 607 2125 nobis
635 2059 758 2142 putat.“
802 2059 926 2124 Deinde
953 2081 1035 2145 quae
1063 2059 1143 2124 foris
1170 2059 1334 2143 armisque

106 2172 235 2232 strenue
263 2172 431 2253 geruntur,
463 2167 548 2252 quod
581 2168 621 2231 ad
654 2167 797 2231 omnium
830 2188 923 2231 aures
956 2169 1144 2251 mentesque
1172 2166 1335 2251 accidunt,

106 2279 193 2341 recte
217 2279 249 2341 et
271 2298 330 2360 pro
353 2296 459 2340 rerum
484 2277 648 2358 gestarum
672 2274 894 2359 magnitudine
917 2274 1071 2339 celebrari
1099 2273 1197 2338 etiam
1226 2274 1267 2339 ab
1291 2274 1332 2340 iis

108 2386 258 2469 possunt,
295 2382 349 2466 qui
384 2403 450 2447 non
483 2381 672 2445 interfuere:
705 2401 786 2465 quae
819 2380 905 2445 domi
937 2402 996 2465 per
1026 2402 1152 2464 pacem,
1183 2403 1266 2465 quae
1298 2381 1333 2446 in

106 2491 194 2574 aula,
225 2489 260 2552 in
293 2489 401 2572 curiis,
435 2492 492 2553 aut
524 2510 544 2552 a
579 2488 710 2573 regibus
743 2491 799 2552 aut
826 2488 916 2573 regio
949 2488 1091 2572 auspicio
1118 2488 1214 2572 fiunt,
1246 2493 1334 2555 recte

105 2595 290 2682 praedicare
317 2618 385 2661 non
417 2595 480 2660 nisi
509 2596 670 2681 particeps
702 2595 909 2661 consiliorum
942 2596 992 2659 vel
1024 2596 1070 2660 rei
1100 2595 1249 2679 publicas
1276 2617 1334 2682 gu-

105 2703 290 2769 bernandae
322 2703 511 2768 administer
547 2725 607 2767 usu
640 2724 746 2767 rerum
779 2703 878 2786 probe
916 2702 1067 2771 subactus
1099 2706 1220 2786 potest:
1257 2703 1333 2768 inde

105 2811 260 2896 quidquid
286 2815 431 2876 nostram
459 2811 495 2875 in
523 2811 743 2896 cognitionem
770 2809 873 2893 venit,
903 2809 937 2874 id
969 2813 1055 2874 certe
1083 2813 1133 2874 est
1163 2810 1332 2895 eiusmodi,

104 2921 141 2981 ut
171 2939 237 2983 non
266 2916 370 2982 dicam
398 2918 489 2983 vobis
518 2939 618 3001 aeque
647 2939 684 2982 ac
712 2916 806 3000 mihi,
839 2916 895 2980 sed
929 2917 963 2981 in
991 2917 1107 3001 vulgus
1136 2919 1249 2981 notum
1279 2917 1331 2983 sit.

105 3023 181 3088 Fuit
215 3031 356 3108 tempus,
393 3025 570 3108 auditores,
608 3046 669 3108 quo
707 3047 745 3088 ex
779 3026 934 3109 suggestu
972 3023 1113 3088 oratorio
1146 3023 1332 3108 principum

104 3132 264 3197 bonorum
288 3132 386 3196 etiam
409 3136 523 3218 togata
545 3134 646 3197 virtus
675 3131 808 3196 candide
832 3131 991 3217 digneque
1015 3131 1167 3215 cognosci
1190 3135 1332 3217 poterat,

105 3261 203 3324 quum
227 3237 365 3323 Plinius,
388 3263 486 3324 quum
510 3240 647 3323 Fronto,
670 3261 767 3323 quum
792 3239 847 3302 alii
870 3239 930 3302 viri
954 3238 1048 3323 probi
1071 3241 1104 3301 et
1127 3237 1252 3322 diserti,
1275 3240 1332 3324 qui

104 3368 172 3411 rem
205 3346 367 3430 publicam
401 3345 601 3431 attigissent,
634 3345 804 3428 Traianos,
837 3344 1036 3429 Hadrianos,
1069 3343 1196 3410 Marcus
1228 3345 1332 3411 Aure-

103 3455 180 3539 lios,
212 3475 349 3538 quorum
382 3453 487 3519 coetui
520 3453 725 3517 sanctissimo
754 3451 875 3537 Regem
905 3456 1053 3517 nostrum
1086 3452 1159 3516 addi
1189 3452 1239 3518 fas
1272 3458 1332 3537 est,

104 3562 281 3648 gratiarum
305 3561 485 3626 actionibus
508 3560 745 3643 demulcebant3
769 3558 824 3624 sed
846 3560 897 3624 illi
922 3560 1033 3645 magni
1057 3562 1150 3624 erant
1173 3561 1332 3643 consules,

104 3669 159 3753 qui
190 3668 324 3754 negotia
349 3667 480 3751 publica
510 3667 722 3752 introspicere
754 3673 787 3732 et
820 3668 990 3732 aestimare
1023 3666 1216 3751 experiendo
1248 3666 1331 3732 didi-

104 3782 227 3860 cerant3
258 3796 317 3840 nos
340 3761 501 3839 litteratos
525 3797 638 3859 parum
661 3774 720 3839 has
748 3797 799 3840 res
828 3776 959 3857 callere,
986 3774 1122 3838 nimium
1150 3795 1246 3857 saepe
1275 3796 1331 3839 au·

104 3883 256 3949 divimus:
287 3881 336 3945 illi
368 3888 402 3946 in
434 3882 504 3946 luce
536 3881 599 3946 fori
632 3885 665 3945 et
698 3885 827 3947 senatus
860 3881 1086 3964 versabantur3
1119 3883 1233 3945 nostra
1264 3880 1331 3947 elo·

103 3990 236 4075 quentia
271 3991 305 4054 in
342 3987 525 4053 scholarum
561 3989 676 4053 umbra
712 3991 745 4053 et
778 3990 937 4073 angustiis
971 3988 1156 4053 delitescere
1193 3987 1331 4073 cogitur.

104 4096 308 4181 Quapropter
339 4098 518 4178 temperate
556 4096 755 4180 aliquantum
794 4096 961 4160 affectibus
999 4093 1127 4177 vestris,
1164 4115 1245 4177 quos
1277 4094 1331 4160 hic

103 4205 167 4271 sibi
195 4203 263 4268 dies
295 4203 362 4267 iure
391 4202 549 4287 deposcit,
579 4206 615 4266 ut
647 4224 706 4288 ego
735 4203 815 4267 milri
846 4204 880 4267 in
908 4201 997 4286 Rege
1025 4200 1188 4265 laudando
1216 4204 1332 4265 contra

104 4332 210 4376 meam
233 4310 335 4394 ipsius
357 4309 555 4373 voluntatem
579 4313 738 4392 tempero:
762 4308 857 4372 Hceat
880 4309 959 4373 mihi
978 4309 1123 4393 priorum
1145 4311 1330 4391 temporum

104 4417 292 4483 memoriam
320 4414 487 4499 replicare,
516 4420 548 4480 et
575 4438 613 4480 ex
640 4417 748 4500 regiae
773 4416 883 4498 stirpis
912 4416 1088 4480 maioribus
1117 4435 1216 4479 unum
1246 4414 1328 4478 exci-

103 4528 173 4590 tare
202 4522 395 4608 principem,
427 4523 481 4608 qui
515 4544 572 4588 sua
605 4526 710 4588 aetate
744 4522 850 4588 studia
882 4523 1064 4588 litterarum
1097 4520 1248 4587 similiter
1275 4520 1328 4586 do-
