<?xml version="1.0" encoding="UTF-8"?>
<!DOCTYPE html PUBLIC "-//W3C//DTD XHTML 1.0 Transitional//EN"
    "http://www.w3.org/TR/xhtml1/DTD/xhtml1-transitional.dtd">
<html xmlns="http://www.w3.org/1999/xhtml" xml:lang="en" lang="en">
 <head>
  <title>
</title>
<meta http-equiv="Content-Type" content="text/html;charset=utf-8" />
  <meta name='ocr-system' content='tesseract 3.04.00' />
  <meta name='ocr-capabilities' content='ocr_page ocr_carea ocr_par ocr_line ocrx_word'/>
</head>
<body>
  <div class='ocr_page' id='page_1' title='image "augustboeckhsge00bratgoog_0040.png"; bbox 0 0 2760 4868; ppageno 0'>
   <div class='ocr_carea' id='block_1_1' title="bbox 605 200 818 265">
    <p class='ocr_par' dir='ltr' id='par_1_1' title="bbox 605 200 818 265">
     <span class='ocr_line' id='line_1_1' title="bbox 605 200 818 265; baseline -0.005 -20"><span class='ocrx_word' id='word_1_1' title='bbox 605 200 818 265; x_wconf 63' lang='grc'>,22-</span> 
     </span>
    </p>
   </div>
   <div class='ocr_carea' id='block_1_2' title="bbox 98 358 1330 1301">
    <p class='ocr_par' dir='ltr' id='par_1_2' title="bbox 98 358 1330 1301">
     <span class='ocr_line' id='line_1_2' title="bbox 100 358 1330 444; baseline -0.005 -15"><span class='ocrx_word' id='word_1_2' title='bbox 100 367 201 429; x_wconf 89' lang='lat' dir='ltr'>tatem</span> <span class='ocrx_word' id='word_1_3' title='bbox 234 363 407 428; x_wconf 89' lang='lat' dir='ltr'>durissimo</span> <span class='ocrx_word' id='word_1_4' title='bbox 440 360 704 444; x_wconf 88' lang='lat' dir='ltr'>atrocissimoque</span> <span class='ocrx_word' id='word_1_5' title='bbox 738 358 867 424; x_wconf 91' lang='lat' dir='ltr'>domino</span> <span class='ocrx_word' id='word_1_6' title='bbox 899 359 1047 443; x_wconf 88' lang='lat' dir='ltr'>parendi,</span> <span class='ocrx_word' id='word_1_7' title='bbox 1082 380 1188 444; x_wconf 84' lang='lat' dir='ltr'>nequa</span> <span class='ocrx_word' id='word_1_8' title='bbox 1220 362 1330 424; x_wconf 86' lang='lat' dir='ltr'>tamen</span> 
     </span>
     <span class='ocr_line' id='line_1_3' title="bbox 100 465 1329 553; baseline -0.003 -18"><span class='ocrx_word' id='word_1_9' title='bbox 100 470 265 553; x_wconf 85' lang='lat' dir='ltr'>videbant,</span> <span class='ocrx_word' id='word_1_10' title='bbox 299 490 362 552; x_wconf 89' lang='lat' dir='ltr'>quo</span> <span class='ocrx_word' id='word_1_11' title='bbox 390 471 487 551; x_wconf 88' lang='lat' dir='ltr'>pacto</span> <span class='ocrx_word' id='word_1_12' title='bbox 516 466 627 552; x_wconf 89' lang='lat' dir='ltr'>iugum</span> <span class='ocrx_word' id='word_1_13' title='bbox 658 467 844 530; x_wconf 75' lang='lat' dir='ltr'>excuterent</span> <span class='ocrx_word' id='word_1_14' title='bbox 872 487 888 528; x_wconf 91' lang='lat' dir='ltr'>e</span> <span class='ocrx_word' id='word_1_15' title='bbox 918 465 1116 552; x_wconf 83' lang='lat' dir='ltr'>vinculisque</span> <span class='ocrx_word' id='word_1_16' title='bbox 1144 466 1329 551; x_wconf 82' lang='lat' dir='ltr'>expediren-</span> 
     </span>
     <span class='ocr_line' id='line_1_4' title="bbox 99 573 1329 659; baseline -0.002 -18"><span class='ocrx_word' id='word_1_17' title='bbox 99 580 165 641; x_wconf 87' lang='lat' dir='ltr'>tur:</span> <span class='ocrx_word' id='word_1_18' title='bbox 195 580 230 641; x_wconf 90' lang='lat' dir='ltr'>at</span> <span class='ocrx_word' id='word_1_19' title='bbox 257 575 412 639; x_wconf 75' lang='lat' dir='ltr'>facultate</span> <span class='ocrx_word' id='word_1_20' title='bbox 442 575 518 639; x_wconf 87' lang='lat' dir='ltr'>data</span> <span class='ocrx_word' id='word_1_21' title='bbox 545 575 581 652; x_wconf 87' lang='lat' dir='ltr'>ii,</span> <span class='ocrx_word' id='word_1_22' title='bbox 610 574 664 657; x_wconf 92' lang='lat' dir='ltr'>qui</span> <span class='ocrx_word' id='word_1_23' title='bbox 692 573 810 637; x_wconf 88' lang='lat' dir='ltr'>litteris</span> <span class='ocrx_word' id='word_1_24' title='bbox 839 594 970 657; x_wconf 84' lang='lat' dir='ltr'>operam</span> <span class='ocrx_word' id='word_1_25' title='bbox 994 573 1129 659; x_wconf 90' lang='lat' dir='ltr'>dabant,</span> <span class='ocrx_word' id='word_1_26' title='bbox 1155 574 1254 640; x_wconf 85' lang='lat' dir='ltr'>huius</span> <span class='ocrx_word' id='word_1_27' title='bbox 1281 574 1329 639; x_wconf 91' lang='lat' dir='ltr'>in·</span> 
     </span>
     <span class='ocr_line' id='line_1_5' title="bbox 99 680 1329 768; baseline -0.002 -20"><span class='ocrx_word' id='word_1_28' title='bbox 99 684 213 768; x_wconf 91' lang='lat' dir='ltr'>primis</span> <span class='ocrx_word' id='word_1_29' title='bbox 241 681 463 747; x_wconf 89' lang='lat' dir='ltr'>universitatis</span> <span class='ocrx_word' id='word_1_30' title='bbox 492 683 638 765; x_wconf 90' lang='lat' dir='ltr'>iuvenes,</span> <span class='ocrx_word' id='word_1_31' title='bbox 672 681 748 766; x_wconf 89' lang='lat' dir='ltr'>quin</span> <span class='ocrx_word' id='word_1_32' title='bbox 778 681 874 744; x_wconf 89' lang='lat' dir='ltr'>etiam</span> <span class='ocrx_word' id='word_1_33' title='bbox 905 680 1052 746; x_wconf 89' lang='lat' dir='ltr'>doctores</span> <span class='ocrx_word' id='word_1_34' title='bbox 1079 682 1216 767; x_wconf 77' lang='lat' dir='ltr'>aliquot,</span> <span class='ocrx_word' id='word_1_35' title='bbox 1249 702 1329 767; x_wconf 87' lang='lat' dir='ltr'>quos</span> 
     </span>
     <span class='ocr_line' id='line_1_6' title="bbox 100 787 1328 872; baseline 0 -19"><span class='ocrx_word' id='word_1_36' title='bbox 100 790 194 854; x_wconf 91' lang='lat' dir='ltr'>nobis</span> <span class='ocrx_word' id='word_1_37' title='bbox 214 789 356 854; x_wconf 91' lang='lat' dir='ltr'>redditos</span> <span class='ocrx_word' id='word_1_38' title='bbox 376 788 484 853; x_wconf 81' lang='lat' dir='ltr'>fausta</span> <span class='ocrx_word' id='word_1_39' title='bbox 503 790 633 853; x_wconf 89' lang='lat' dir='ltr'>fortuna</span> <span class='ocrx_word' id='word_1_40' title='bbox 656 788 866 872; x_wconf 84' lang='lat' dir='ltr'>gratulamur,</span> <span class='ocrx_word' id='word_1_41' title='bbox 890 790 1007 871; x_wconf 88' lang='lat' dir='ltr'>spreto,</span> <span class='ocrx_word' id='word_1_42' title='bbox 1030 789 1085 871; x_wconf 93' lang='lat' dir='ltr'>qui</span> <span class='ocrx_word' id='word_1_43' title='bbox 1107 787 1193 853; x_wconf 90' lang='lat' dir='ltr'>hanc</span> <span class='ocrx_word' id='word_1_44' title='bbox 1215 789 1328 853; x_wconf 89' lang='lat' dir='ltr'>urbem</span> 
     </span>
     <span class='ocr_line' id='line_1_7' title="bbox 102 894 1329 979; baseline 0 -20"><span class='ocrx_word' id='word_1_45' title='bbox 102 897 247 979; x_wconf 89' lang='lat' dir='ltr'>tenebat,</span> <span class='ocrx_word' id='word_1_46' title='bbox 290 894 414 959; x_wconf 85' lang='lat' dir='ltr'>Gallico</span> <span class='ocrx_word' id='word_1_47' title='bbox 452 896 554 960; x_wconf 91' lang='lat' dir='ltr'>milite</span> <span class='ocrx_word' id='word_1_48' title='bbox 591 896 674 959; x_wconf 89' lang='lat' dir='ltr'>inter</span> <span class='ocrx_word' id='word_1_49' title='bbox 710 894 833 977; x_wconf 90' lang='lat' dir='ltr'>primos</span> <span class='ocrx_word' id='word_1_50' title='bbox 870 916 960 958; x_wconf 90' lang='lat' dir='ltr'>arma</span> <span class='ocrx_word' id='word_1_51' title='bbox 998 897 1165 979; x_wconf 88' lang='lat' dir='ltr'>ceperunt,</span> <span class='ocrx_word' id='word_1_52' title='bbox 1207 915 1329 979; x_wconf 84' lang='lat' dir='ltr'>suoque</span> 
     </span>
     <span class='ocr_line' id='line_1_8' title="bbox 100 1002 1329 1088; baseline -0.002 -19"><span class='ocrx_word' id='word_1_53' title='bbox 100 1006 246 1088; x_wconf 87' lang='lat' dir='ltr'>exemplo</span> <span class='ocrx_word' id='word_1_54' title='bbox 285 1006 595 1086; x_wconf 89' lang='lat' dir='ltr'>commonstrarunt,</span> <span class='ocrx_word' id='word_1_55' title='bbox 636 1005 758 1086; x_wconf 90' lang='lat' dir='ltr'>quanto</span> <span class='ocrx_word' id='word_1_56' title='bbox 795 1002 957 1067; x_wconf 79' lang='lat' dir='ltr'>libertatis</span> <span class='ocrx_word' id='word_1_57' title='bbox 994 1002 1181 1087; x_wconf 82' lang='lat' dir='ltr'>patriaeque</span> <span class='ocrx_word' id='word_1_58' title='bbox 1219 1023 1329 1067; x_wconf 85' lang='lat' dir='ltr'>amore</span> 
     </span>
     <span class='ocr_line' id='line_1_9' title="bbox 100 1105 1328 1196; baseline 0 -22"><span class='ocrx_word' id='word_1_59' title='bbox 100 1111 200 1174; x_wconf 88' lang='lat' dir='ltr'>animi</span> <span class='ocrx_word' id='word_1_60' title='bbox 228 1110 404 1196; x_wconf 88' lang='lat' dir='ltr'>flagrarent</span> <span class='ocrx_word' id='word_1_61' title='bbox 432 1110 555 1173; x_wconf 89' lang='lat' dir='ltr'>artibus</span> <span class='ocrx_word' id='word_1_62' title='bbox 585 1109 679 1173; x_wconf 91' lang='lat' dir='ltr'>bonis</span> <span class='ocrx_word' id='word_1_63' title='bbox 706 1108 835 1191; x_wconf 87' lang='lat' dir='ltr'>imbuti,</span> <span class='ocrx_word' id='word_1_64' title='bbox 868 1112 900 1172; x_wconf 91' lang='lat' dir='ltr'>et</span> <span class='ocrx_word' id='word_1_65' title='bbox 932 1112 1053 1193; x_wconf 86' lang='lat' dir='ltr'>quanta</span> <span class='ocrx_word' id='word_1_66' title='bbox 1081 1112 1166 1172; x_wconf 87' lang='lat' dir='ltr'>esset</span> <span class='ocrx_word' id='word_1_67' title='bbox 1194 1105 1328 1174; x_wconf 83' lang='lat' dir='ltr'>Germa·</span> 
     </span>
     <span class='ocr_line' id='line_1_10' title="bbox 98 1215 1328 1301; baseline -0.001 -20"><span class='ocrx_word' id='word_1_68' title='bbox 98 1239 229 1301; x_wconf 90' lang='lat' dir='ltr'>norum,</span> <span class='ocrx_word' id='word_1_69' title='bbox 257 1216 535 1301; x_wconf 88' lang='lat' dir='ltr'>Borussorumque</span> <span class='ocrx_word' id='word_1_70' title='bbox 559 1216 698 1279; x_wconf 88' lang='lat' dir='ltr'>maxime</span> <span class='ocrx_word' id='word_1_71' title='bbox 722 1216 837 1298; x_wconf 87' lang='lat' dir='ltr'>virtus,</span> <span class='ocrx_word' id='word_1_72' title='bbox 867 1215 921 1299; x_wconf 93' lang='lat' dir='ltr'>qui</span> <span class='ocrx_word' id='word_1_73' title='bbox 945 1215 985 1279; x_wconf 91' lang='lat' dir='ltr'>ad</span> <span class='ocrx_word' id='word_1_74' title='bbox 1009 1215 1196 1298; x_wconf 89' lang='lat' dir='ltr'>disciplinas</span> <span class='ocrx_word' id='word_1_75' title='bbox 1220 1216 1328 1280; x_wconf 92' lang='lat' dir='ltr'>colen-</span> 
     </span>
    </p>
   </div>
   <div class='ocr_carea' id='block_1_3' title="bbox 96 1429 1330 4619">
    <p class='ocr_par' dir='ltr' id='par_1_3' title="bbox 96 1429 1328 3842">
     <span class='ocr_line' id='line_1_11' title="bbox 98 1429 1327 1515; baseline 0.001 -22"><span class='ocrx_word' id='word_1_76' title='bbox 98 1430 137 1494; x_wconf 92' lang='lat' dir='ltr'>ad</span> <span class='ocrx_word' id='word_1_77' title='bbox 165 1430 289 1514; x_wconf 90' lang='lat' dir='ltr'>proelia</span> <span class='ocrx_word' id='word_1_78' title='bbox 317 1432 465 1515; x_wconf 84' lang='lat' dir='ltr'>vitaeque</span> <span class='ocrx_word' id='word_1_79' title='bbox 493 1430 636 1514; x_wconf 89' lang='lat' dir='ltr'>pericula</span> <span class='ocrx_word' id='word_1_80' title='bbox 664 1429 750 1493; x_wconf 92' lang='lat' dir='ltr'>haud</span> <span class='ocrx_word' id='word_1_81' title='bbox 780 1433 886 1493; x_wconf 86' lang='lat' dir='ltr'>essent</span> <span class='ocrx_word' id='word_1_82' title='bbox 916 1429 1022 1493; x_wconf 91' lang='lat' dir='ltr'>minus</span> <span class='ocrx_word' id='word_1_83' title='bbox 1050 1430 1168 1513; x_wconf 86' lang='lat' dir='ltr'>parati,</span> <span class='ocrx_word' id='word_1_84' title='bbox 1202 1429 1327 1495; x_wconf 88' lang='lat' dir='ltr'>similes</span> 
     </span>
     <span class='ocr_line' id='line_1_12' title="bbox 96 1532 1326 1622; baseline 0.002 -24"><span class='ocrx_word' id='word_1_85' title='bbox 96 1558 230 1619; x_wconf 89' lang='lat' dir='ltr'>prorsus</span> <span class='ocrx_word' id='word_1_86' title='bbox 260 1536 456 1602; x_wconf 84' lang='lat' dir='ltr'>admirandis</span> <span class='ocrx_word' id='word_1_87' title='bbox 487 1537 551 1600; x_wconf 90' lang='lat' dir='ltr'>illis</span> <span class='ocrx_word' id='word_1_88' title='bbox 582 1536 622 1599; x_wconf 89' lang='lat' dir='ltr'>ad</span> <span class='ocrx_word' id='word_1_89' title='bbox 651 1534 874 1598; x_wconf 85' lang='lat' dir='ltr'>Marathonem</span> <span class='ocrx_word' id='word_1_90' title='bbox 904 1532 1161 1622; x_wconf 81' lang='lat' dir='ltr'>Salaminemque</span> <span class='ocrx_word' id='word_1_91' title='bbox 1190 1536 1326 1620; x_wconf 77' lang='lat' dir='ltr'>proelia</span> 
     </span>
     <span class='ocr_line' id='line_1_13' title="bbox 99 1641 1327 1728; baseline 0.002 -22"><span class='ocrx_word' id='word_1_92' title='bbox 99 1642 239 1728; x_wconf 88' lang='lat' dir='ltr'>toribus,</span> <span class='ocrx_word' id='word_1_93' title='bbox 267 1645 442 1728; x_wconf 89' lang='lat' dir='ltr'>quiquam</span> <span class='ocrx_word' id='word_1_94' title='bbox 468 1644 528 1708; x_wconf 89' lang='lat' dir='ltr'>sub</span> <span class='ocrx_word' id='word_1_95' title='bbox 553 1642 681 1707; x_wconf 85' lang='lat' dir='ltr'>Persico</span> <span class='ocrx_word' id='word_1_96' title='bbox 707 1647 845 1726; x_wconf 83' lang='lat' dir='ltr'>tyranno</span> <span class='ocrx_word' id='word_1_97' title='bbox 870 1641 1055 1726; x_wconf 89' lang='lat' dir='ltr'>eruditioni,</span> <span class='ocrx_word' id='word_1_98' title='bbox 1083 1666 1147 1727; x_wconf 89' lang='lat' dir='ltr'>qua</span> <span class='ocrx_word' id='word_1_99' title='bbox 1175 1643 1327 1708; x_wconf 92' lang='lat' dir='ltr'>omnibns</span> 
     </span>
     <span class='ocr_line' id='line_1_14' title="bbox 98 1748 1326 1834; baseline 0.002 -22"><span class='ocrx_word' id='word_1_100' title='bbox 98 1748 289 1813; x_wconf 88' lang='lat' dir='ltr'>mortalibus</span> <span class='ocrx_word' id='word_1_101' title='bbox 313 1749 538 1833; x_wconf 87' lang='lat' dir='ltr'>praestabant,</span> <span class='ocrx_word' id='word_1_102' title='bbox 566 1750 600 1814; x_wconf 92' lang='lat' dir='ltr'>in</span> <span class='ocrx_word' id='word_1_103' title='bbox 629 1749 694 1814; x_wconf 88' lang='lat' dir='ltr'>otio</span> <span class='ocrx_word' id='word_1_104' title='bbox 724 1749 814 1833; x_wconf 87' lang='lat' dir='ltr'>segni</span> <span class='ocrx_word' id='word_1_105' title='bbox 839 1769 951 1812; x_wconf 86' lang='lat' dir='ltr'>vacare</span> <span class='ocrx_word' id='word_1_106' title='bbox 978 1755 1125 1834; x_wconf 87' lang='lat' dir='ltr'>possent,</span> <span class='ocrx_word' id='word_1_107' title='bbox 1154 1750 1252 1815; x_wconf 87' lang='lat' dir='ltr'>morti</span> <span class='ocrx_word' id='word_1_108' title='bbox 1280 1750 1326 1815; x_wconf 92' lang='lat' dir='ltr'>in·</span> 
     </span>
     <span class='ocr_line' id='line_1_15' title="bbox 99 1855 1327 1942; baseline 0 -22"><span class='ocrx_word' id='word_1_109' title='bbox 99 1858 205 1920; x_wconf 92' lang='lat' dir='ltr'>certae</span> <span class='ocrx_word' id='word_1_110' title='bbox 225 1855 389 1919; x_wconf 86' lang='lat' dir='ltr'>malebant</span> <span class='ocrx_word' id='word_1_111' title='bbox 409 1857 537 1921; x_wconf 86' lang='lat' dir='ltr'>obviam</span> <span class='ocrx_word' id='word_1_112' title='bbox 561 1857 615 1940; x_wconf 87' lang='lat' dir='ltr'>ire,</span> <span class='ocrx_word' id='word_1_113' title='bbox 640 1878 736 1941; x_wconf 91' lang='lat' dir='ltr'>quam</span> <span class='ocrx_word' id='word_1_114' title='bbox 759 1860 879 1920; x_wconf 85' lang='lat' dir='ltr'>certam</span> <span class='ocrx_word' id='word_1_115' title='bbox 898 1856 966 1941; x_wconf 86' lang='lat' dir='ltr'>pati</span> <span class='ocrx_word' id='word_1_116' title='bbox 986 1857 1180 1921; x_wconf 84' lang='lat' dir='ltr'>servitutem.</span> <span class='ocrx_word' id='word_1_117' title='bbox 1212 1858 1327 1942; x_wconf 82' lang='lat' dir='ltr'>Apage</span> 
     </span>
     <span class='ocr_line' id='line_1_16' title="bbox 98 1963 1325 2048; baseline 0.002 -21"><span class='ocrx_word' id='word_1_118' title='bbox 98 1963 199 2047; x_wconf 87' lang='lat' dir='ltr'>igitur</span> <span class='ocrx_word' id='word_1_119' title='bbox 223 1963 406 2047; x_wconf 83' lang='lat' dir='ltr'>ambiguam</span> <span class='ocrx_word' id='word_1_120' title='bbox 430 1964 526 2029; x_wconf 92' lang='lat' dir='ltr'>istam</span> <span class='ocrx_word' id='word_1_121' title='bbox 557 1964 722 2029; x_wconf 89' lang='lat' dir='ltr'>doetrinae</span> <span class='ocrx_word' id='word_1_122' title='bbox 746 1964 888 2028; x_wconf 86' lang='lat' dir='ltr'>laudem:</span> <span class='ocrx_word' id='word_1_123' title='bbox 917 1987 1008 2028; x_wconf 90' lang='lat' dir='ltr'>arma</span> <span class='ocrx_word' id='word_1_124' title='bbox 1034 1964 1167 2048; x_wconf 90' lang='lat' dir='ltr'>perinde</span> <span class='ocrx_word' id='word_1_125' title='bbox 1190 1988 1227 2031; x_wconf 87' lang='lat' dir='ltr'>ac</span> <span class='ocrx_word' id='word_1_126' title='bbox 1251 1966 1325 2031; x_wconf 87' lang='lat' dir='ltr'>libri</span> 
     </span>
     <span class='ocr_line' id='line_1_17' title="bbox 98 2069 1327 2145; baseline 0.004 -12"><span class='ocrx_word' id='word_1_127' title='bbox 98 2073 289 2134; x_wconf 87' lang='lat' dir='ltr'>tractentur.</span> <span class='ocrx_word' id='word_1_128' title='bbox 336 2069 418 2145; x_wconf 83' lang='lat' dir='ltr'>Quid</span> <span class='ocrx_word' id='word_1_129' title='bbox 448 2073 532 2135; x_wconf 91' lang='lat' dir='ltr'>enim</span> <span class='ocrx_word' id='word_1_130' title='bbox 561 2073 688 2136; x_wconf 88' lang='lat' dir='ltr'>litterae</span> <span class='ocrx_word' id='word_1_131' title='bbox 715 2071 826 2134; x_wconf 82' lang='lat' dir='ltr'>valent</span> <span class='ocrx_word' id='word_1_132' title='bbox 853 2071 886 2134; x_wconf 91' lang='lat' dir='ltr'>in</span> <span class='ocrx_word' id='word_1_133' title='bbox 915 2070 1069 2135; x_wconf 79' lang='lat' dir='ltr'>servit-io?</span> <span class='ocrx_word' id='word_1_134' title='bbox 1098 2071 1160 2135; x_wconf 91' lang='lat' dir='ltr'>nisi</span> <span class='ocrx_word' id='word_1_135' title='bbox 1184 2072 1269 2138; x_wconf 87' lang='lat' dir='ltr'>iorte</span> <span class='ocrx_word' id='word_1_136' title='bbox 1290 2077 1327 2137; x_wconf 87' lang='lat' dir='ltr'>ut</span> 
     </span>
     <span class='ocr_line' id='line_1_18' title="bbox 99 2176 1326 2264; baseline 0.004 -24"><span class='ocrx_word' id='word_1_137' title='bbox 99 2176 329 2242; x_wconf 87' lang='lat' dir='ltr'>Graeculorum</span> <span class='ocrx_word' id='word_1_138' title='bbox 359 2177 463 2241; x_wconf 89' lang='lat' dir='ltr'>instar</span> <span class='ocrx_word' id='word_1_139' title='bbox 489 2179 605 2244; x_wconf 83' lang='lat' dir='ltr'>victori</span> <span class='ocrx_word' id='word_1_140' title='bbox 639 2199 795 2264; x_wconf 89' lang='lat' dir='ltr'>generoso</span> <span class='ocrx_word' id='word_1_141' title='bbox 824 2178 908 2241; x_wconf 84' lang='lat' dir='ltr'>servi</span> <span class='ocrx_word' id='word_1_142' title='bbox 938 2178 1074 2242; x_wconf 87' lang='lat' dir='ltr'>litterati</span> <span class='ocrx_word' id='word_1_143' title='bbox 1102 2178 1209 2243; x_wconf 86' lang='lat' dir='ltr'>officia</span> <span class='ocrx_word' id='word_1_144' title='bbox 1237 2201 1326 2264; x_wconf 82' lang='lat' dir='ltr'>prae</span> 
     </span>
     <span class='ocr_line' id='line_1_19' title="bbox 98 2282 1327 2367; baseline 0.005 -20"><span class='ocrx_word' id='word_1_145' title='bbox 98 2287 174 2347; x_wconf 85' lang='lat' dir='ltr'>stes.</span> <span class='ocrx_word' id='word_1_146' title='bbox 226 2282 316 2348; x_wconf 87' lang='lat' dir='ltr'>Tolle</span> <span class='ocrx_word' id='word_1_147' title='bbox 345 2285 499 2367; x_wconf 86' lang='lat' dir='ltr'>patriam,</span> <span class='ocrx_word' id='word_1_148' title='bbox 531 2285 608 2349; x_wconf 91' lang='lat' dir='ltr'>tolle</span> <span class='ocrx_word' id='word_1_149' title='bbox 638 2285 835 2349; x_wconf 89' lang='lat' dir='ltr'>libertatem:</span> <span class='ocrx_word' id='word_1_150' title='bbox 869 2285 985 2349; x_wconf 88' lang='lat' dir='ltr'>litteris</span> <span class='ocrx_word' id='word_1_151' title='bbox 1014 2307 1129 2350; x_wconf 81' lang='lat' dir='ltr'>nervos</span> <span class='ocrx_word' id='word_1_152' title='bbox 1161 2286 1327 2357; x_wconf 85' lang='lat' dir='ltr'>excideris.</span> 
     </span>
     <span class='ocr_line' id='line_1_20' title="bbox 98 2388 1326 2459; baseline 0.006 -6"><span class='ocrx_word' id='word_1_153' title='bbox 98 2388 185 2454; x_wconf 90' lang='lat' dir='ltr'>Nam</span> <span class='ocrx_word' id='word_1_154' title='bbox 214 2391 246 2454; x_wconf 91' lang='lat' dir='ltr'>in</span> <span class='ocrx_word' id='word_1_155' title='bbox 275 2391 425 2456; x_wconf 87' lang='lat' dir='ltr'>libertate</span> <span class='ocrx_word' id='word_1_156' title='bbox 454 2393 579 2457; x_wconf 87' lang='lat' dir='ltr'>litterae</span> <span class='ocrx_word' id='word_1_157' title='bbox 607 2392 828 2457; x_wconf 88' lang='lat' dir='ltr'>nobilissimos</span> <span class='ocrx_word' id='word_1_158' title='bbox 856 2392 941 2456; x_wconf 90' lang='lat' dir='ltr'>cient</span> <span class='ocrx_word' id='word_1_159' title='bbox 970 2414 1095 2456; x_wconf 90' lang='lat' dir='ltr'>sensus:</span> <span class='ocrx_word' id='word_1_160' title='bbox 1128 2394 1215 2459; x_wconf 90' lang='lat' dir='ltr'>bona</span> <span class='ocrx_word' id='word_1_161' title='bbox 1246 2394 1326 2459; x_wconf 79' lang='lat' dir='ltr'>haec</span> 
     </span>
     <span class='ocr_line' id='line_1_21' title="bbox 97 2497 1326 2585; baseline 0.006 -25"><span class='ocrx_word' id='word_1_162' title='bbox 97 2497 265 2562; x_wconf 87' lang='lat' dir='ltr'>terrestria</span> <span class='ocrx_word' id='word_1_163' title='bbox 294 2502 326 2562; x_wconf 89' lang='lat' dir='ltr'>ct</span> <span class='ocrx_word' id='word_1_164' title='bbox 353 2498 492 2583; x_wconf 85' lang='lat' dir='ltr'>fragilia</span> <span class='ocrx_word' id='word_1_165' title='bbox 512 2503 706 2582; x_wconf 87' lang='lat' dir='ltr'>postponere</span> <span class='ocrx_word' id='word_1_166' title='bbox 740 2499 879 2563; x_wconf 88' lang='lat' dir='ltr'>aeternis</span> <span class='ocrx_word' id='word_1_167' title='bbox 912 2503 945 2563; x_wconf 90' lang='lat' dir='ltr'>et</span> <span class='ocrx_word' id='word_1_168' title='bbox 976 2521 1141 2583; x_wconf 89' lang='lat' dir='ltr'>nunquam</span> <span class='ocrx_word' id='word_1_169' title='bbox 1175 2502 1326 2585; x_wconf 89' lang='lat' dir='ltr'>perituris</span> 
     </span>
     <span class='ocr_line' id='line_1_22' title="bbox 99 2602 1326 2692; baseline 0.005 -25"><span class='ocrx_word' id='word_1_170' title='bbox 99 2602 229 2688; x_wconf 81' lang='lat' dir='ltr'>docent3</span> <span class='ocrx_word' id='word_1_171' title='bbox 259 2627 277 2668; x_wconf 90' lang='lat' dir='ltr'>a</span> <span class='ocrx_word' id='word_1_172' title='bbox 301 2605 386 2669; x_wconf 89' lang='lat' dir='ltr'>curis</span> <span class='ocrx_word' id='word_1_173' title='bbox 410 2606 547 2669; x_wconf 87' lang='lat' dir='ltr'>sordidis</span> <span class='ocrx_word' id='word_1_174' title='bbox 572 2605 714 2670; x_wconf 90' lang='lat' dir='ltr'>animum</span> <span class='ocrx_word' id='word_1_175' title='bbox 739 2605 954 2669; x_wconf 88' lang='lat' dir='ltr'>immortalem</span> <span class='ocrx_word' id='word_1_176' title='bbox 978 2610 1144 2672; x_wconf 85' lang='lat' dir='ltr'>revocant:</span> <span class='ocrx_word' id='word_1_177' title='bbox 1173 2608 1230 2692; x_wconf 93' lang='lat' dir='ltr'>qui</span> <span class='ocrx_word' id='word_1_178' title='bbox 1252 2608 1326 2674; x_wconf 89' lang='lat' dir='ltr'>fons</span> 
     </span>
     <span class='ocr_line' id='line_1_23' title="bbox 100 2711 1326 2799; baseline 0.004 -24"><span class='ocrx_word' id='word_1_179' title='bbox 100 2714 149 2775; x_wconf 90' lang='lat' dir='ltr'>est</span> <span class='ocrx_word' id='word_1_180' title='bbox 172 2731 363 2796; x_wconf 88' lang='lat' dir='ltr'>magnorum</span> <span class='ocrx_word' id='word_1_181' title='bbox 386 2711 580 2777; x_wconf 87' lang='lat' dir='ltr'>facinorum:</span> <span class='ocrx_word' id='word_1_182' title='bbox 611 2712 739 2776; x_wconf 88' lang='lat' dir='ltr'>eaedem</span> <span class='ocrx_word' id='word_1_183' title='bbox 764 2712 818 2775; x_wconf 92' lang='lat' dir='ltr'>ubi</span> <span class='ocrx_word' id='word_1_184' title='bbox 842 2734 1017 2795; x_wconf 87' lang='lat' dir='ltr'>oppressae</span> <span class='ocrx_word' id='word_1_185' title='bbox 1041 2713 1199 2799; x_wconf 88' lang='lat' dir='ltr'>serviunt,</span> <span class='ocrx_word' id='word_1_186' title='bbox 1221 2715 1326 2780; x_wconf 91' lang='lat' dir='ltr'>hnmi-</span> 
     </span>
     <span class='ocr_line' id='line_1_24' title="bbox 97 2818 1328 2908; baseline 0.005 -27"><span class='ocrx_word' id='word_1_187' title='bbox 97 2818 144 2882; x_wconf 88' lang='lat' dir='ltr'>les</span> <span class='ocrx_word' id='word_1_188' title='bbox 170 2840 296 2902; x_wconf 87' lang='lat' dir='ltr'>serpere</span> <span class='ocrx_word' id='word_1_189' title='bbox 320 2818 444 2903; x_wconf 83' lang='lat' dir='ltr'>videas,</span> <span class='ocrx_word' id='word_1_190' title='bbox 468 2841 547 2902; x_wconf 89' lang='lat' dir='ltr'>quas</span> <span class='ocrx_word' id='word_1_191' title='bbox 571 2819 659 2883; x_wconf 89' lang='lat' dir='ltr'>Deus</span> <span class='ocrx_word' id='word_1_192' title='bbox 682 2818 869 2882; x_wconf 90' lang='lat' dir='ltr'>hominibus</span> <span class='ocrx_word' id='word_1_193' title='bbox 893 2818 992 2904; x_wconf 87' lang='lat' dir='ltr'>dedit,</span> <span class='ocrx_word' id='word_1_194' title='bbox 1016 2825 1052 2885; x_wconf 91' lang='lat' dir='ltr'>ut</span> <span class='ocrx_word' id='word_1_195' title='bbox 1074 2842 1129 2886; x_wconf 89' lang='lat' dir='ltr'>eos</span> <span class='ocrx_word' id='word_1_196' title='bbox 1153 2821 1328 2908; x_wconf 71' lang='lat' dir='ltr'>erigerent,</span> 
     </span>
     <span class='ocr_line' id='line_1_25' title="bbox 98 2924 1328 3013; baseline 0.005 -25"><span class='ocrx_word' id='word_1_197' title='bbox 98 2925 138 2989; x_wconf 89' lang='lat' dir='ltr'>ad</span> <span class='ocrx_word' id='word_1_198' title='bbox 162 2924 258 2989; x_wconf 90' lang='lat' dir='ltr'>vilem</span> <span class='ocrx_word' id='word_1_199' title='bbox 287 2929 502 3009; x_wconf 88' lang='lat' dir='ltr'>tyrannorum</span> <span class='ocrx_word' id='word_1_200' title='bbox 530 2926 784 2991; x_wconf 87' lang='lat' dir='ltr'>assent-ationem</span> <span class='ocrx_word' id='word_1_201' title='bbox 810 2924 959 3009; x_wconf 85' lang='lat' dir='ltr'>delapsae</span> <span class='ocrx_word' id='word_1_202' title='bbox 983 2927 1073 3010; x_wconf 87' lang='lat' dir='ltr'>quasi</span> <span class='ocrx_word' id='word_1_203' title='bbox 1097 2925 1250 3013; x_wconf 81' lang='lat' dir='ltr'>Gorgone</span> <span class='ocrx_word' id='word_1_204' title='bbox 1273 2929 1328 2994; x_wconf 90' lang='lat' dir='ltr'>ad·</span> 
     </span>
     <span class='ocr_line' id='line_1_26' title="bbox 98 3016 1326 3116; baseline 0.003 -21"><span class='ocrx_word' id='word_1_205' title='bbox 98 3035 208 3114; x_wconf 88' lang='lat' dir='ltr'>specta</span> <span class='ocrx_word' id='word_1_206' title='bbox 231 3036 370 3116; x_wconf 89' lang='lat' dir='ltr'>torpent.</span> <span class='ocrx_word' id='word_1_207' title='bbox 417 3033 460 3096; x_wconf 80' lang='lat' dir='ltr'>nt</span> <span class='ocrx_word' id='word_1_208' title='bbox 488 3037 609 3096; x_wconf 92' lang='lat' dir='ltr'>norunt</span> <span class='ocrx_word' id='word_1_209' title='bbox 636 3032 698 3096; x_wconf 88' lang='lat' dir='ltr'>hoc</span> <span class='ocrx_word' id='word_1_210' title='bbox 722 3016 759 3095; x_wconf 54' lang='lat' dir='ltr'>et&#39;</span> <span class='ocrx_word' id='word_1_211' title='bbox 780 3052 872 3115; x_wconf 88' lang='lat' dir='ltr'>reges</span> <span class='ocrx_word' id='word_1_212' title='bbox 896 3036 929 3096; x_wconf 91' lang='lat' dir='ltr'>et</span> <span class='ocrx_word' id='word_1_213' title='bbox 951 3034 1091 3115; x_wconf 83' lang='lat' dir='ltr'>tyranni.</span> <span class='ocrx_word' id='word_1_214' title='bbox 1137 3033 1217 3110; x_wconf 78' lang='lat' dir='ltr'>Quis</span> <span class='ocrx_word' id='word_1_215' title='bbox 1242 3035 1326 3099; x_wconf 91' lang='lat' dir='ltr'>enim</span> 
     </span>
     <span class='ocr_line' id='line_1_27' title="bbox 96 3136 1327 3222; baseline 0.004 -21"><span class='ocrx_word' id='word_1_216' title='bbox 96 3136 280 3202; x_wconf 91' lang='lat' dir='ltr'>libertatem</span> <span class='ocrx_word' id='word_1_217' title='bbox 309 3138 505 3215; x_wconf 89' lang='lat' dir='ltr'>studiorum,</span> <span class='ocrx_word' id='word_1_218' title='bbox 533 3161 571 3202; x_wconf 86' lang='lat' dir='ltr'>cx</span> <span class='ocrx_word' id='word_1_219' title='bbox 600 3160 664 3222; x_wconf 89' lang='lat' dir='ltr'>qua</span> <span class='ocrx_word' id='word_1_220' title='bbox 692 3137 888 3202; x_wconf 88' lang='lat' dir='ltr'>laetissimus</span> <span class='ocrx_word' id='word_1_221' title='bbox 916 3138 1096 3204; x_wconf 89' lang='lat' dir='ltr'>litterarum</span> <span class='ocrx_word' id='word_1_222' title='bbox 1124 3140 1183 3205; x_wconf 85' lang='lat' dir='ltr'>flos</span> <span class='ocrx_word' id='word_1_223' title='bbox 1212 3145 1327 3206; x_wconf 87' lang='lat' dir='ltr'>enatus</span> 
     </span>
     <span class='ocr_line' id='line_1_28' title="bbox 97 3244 1327 3331; baseline 0.002 -22"><span class='ocrx_word' id='word_1_224' title='bbox 97 3247 160 3327; x_wconf 90' lang='lat' dir='ltr'>est,</span> <span class='ocrx_word' id='word_1_225' title='bbox 188 3245 293 3328; x_wconf 89' lang='lat' dir='ltr'>magis</span> <span class='ocrx_word' id='word_1_226' title='bbox 317 3244 413 3328; x_wconf 79' lang='lat' dir='ltr'>ibuit,</span> <span class='ocrx_word' id='word_1_227' title='bbox 443 3267 538 3328; x_wconf 92' lang='lat' dir='ltr'>quam</span> <span class='ocrx_word' id='word_1_228' title='bbox 567 3246 646 3309; x_wconf 88' lang='lat' dir='ltr'>illud</span> <span class='ocrx_word' id='word_1_229' title='bbox 671 3245 778 3329; x_wconf 84' lang='lat' dir='ltr'>regiae</span> <span class='ocrx_word' id='word_1_230' title='bbox 804 3244 972 3329; x_wconf 89' lang='lat' dir='ltr'>dignitatis</span> <span class='ocrx_word' id='word_1_231' title='bbox 996 3267 1032 3308; x_wconf 91' lang='lat' dir='ltr'>ac</span> <span class='ocrx_word' id='word_1_232' title='bbox 1056 3246 1233 3329; x_wconf 87' lang='lat' dir='ltr'>sapientiae</span> <span class='ocrx_word' id='word_1_233' title='bbox 1257 3269 1327 3331; x_wconf 89' lang='lat' dir='ltr'>spe-</span> 
     </span>
     <span class='ocr_line' id='line_1_29' title="bbox 98 3343 1327 3439; baseline 0.003 -24"><span class='ocrx_word' id='word_1_234' title='bbox 98 3351 217 3433; x_wconf 89' lang='lat' dir='ltr'>cimen,</span> <span class='ocrx_word' id='word_1_235' title='bbox 245 3348 426 3415; x_wconf 89' lang='lat' dir='ltr'>Fridericus</span> <span class='ocrx_word' id='word_1_236' title='bbox 451 3350 654 3416; x_wconf 81' lang='lat' dir='ltr'>Guilelmus?</span> <span class='ocrx_word' id='word_1_237' title='bbox 683 3352 753 3435; x_wconf 90' lang='lat' dir='ltr'>quis</span> <span class='ocrx_word' id='word_1_238' title='bbox 782 3352 904 3415; x_wconf 89' lang='lat' dir='ltr'>artibus</span> <span class='ocrx_word' id='word_1_239' title='bbox 931 3351 1119 3416; x_wconf 89' lang='lat' dir='ltr'>liberalibus</span> <span class='ocrx_word' id='word_1_240' title='bbox 1143 3343 1249 3439; x_wconf 79' lang='lat' dir='ltr'>magis</span> <span class='ocrx_word' id='word_1_241' title='bbox 1273 3355 1327 3419; x_wconf 95' lang='lat' dir='ltr'>ob·</span> 
     </span>
     <span class='ocr_line' id='line_1_30' title="bbox 97 3457 1328 3545; baseline 0.005 -25"><span class='ocrx_word' id='word_1_242' title='bbox 97 3457 172 3540; x_wconf 88' lang='lat' dir='ltr'>fuit,</span> <span class='ocrx_word' id='word_1_243' title='bbox 205 3457 277 3541; x_wconf 90' lang='lat' dir='ltr'>quis</span> <span class='ocrx_word' id='word_1_244' title='bbox 307 3458 428 3522; x_wconf 89' lang='lat' dir='ltr'>cultum</span> <span class='ocrx_word' id='word_1_245' title='bbox 457 3459 661 3542; x_wconf 88' lang='lat' dir='ltr'>ingeniorum</span> <span class='ocrx_word' id='word_1_246' title='bbox 691 3457 802 3521; x_wconf 89' lang='lat' dir='ltr'>artiori</span> <span class='ocrx_word' id='word_1_247' title='bbox 830 3457 933 3521; x_wconf 90' lang='lat' dir='ltr'>limite</span> <span class='ocrx_word' id='word_1_248' title='bbox 962 3459 1225 3544; x_wconf 90' lang='lat' dir='ltr'>circumscripsit,</span> <span class='ocrx_word' id='word_1_249' title='bbox 1256 3462 1328 3545; x_wconf 91' lang='lat' dir='ltr'>quis</span> 
     </span>
     <span class='ocr_line' id='line_1_31' title="bbox 97 3562 1328 3650; baseline 0.006 -24"><span class='ocrx_word' id='word_1_250' title='bbox 97 3562 201 3628; x_wconf 91' lang='lat' dir='ltr'>lucem</span> <span class='ocrx_word' id='word_1_251' title='bbox 225 3564 447 3630; x_wconf 89' lang='lat' dir='ltr'>doctrinarum</span> <span class='ocrx_word' id='word_1_252' title='bbox 470 3565 574 3650; x_wconf 87' lang='lat' dir='ltr'>magis</span> <span class='ocrx_word' id='word_1_253' title='bbox 598 3586 713 3629; x_wconf 86' lang='lat' dir='ltr'>exosus</span> <span class='ocrx_word' id='word_1_254' title='bbox 738 3568 799 3647; x_wconf 90' lang='lat' dir='ltr'>est,</span> <span class='ocrx_word' id='word_1_255' title='bbox 826 3586 922 3648; x_wconf 88' lang='lat' dir='ltr'>quam</span> <span class='ocrx_word' id='word_1_256' title='bbox 946 3569 1160 3648; x_wconf 84' lang='lat' dir='ltr'>tyrannorum</span> <span class='ocrx_word' id='word_1_257' title='bbox 1184 3567 1246 3632; x_wconf 89' lang='lat' dir='ltr'>iste</span> <span class='ocrx_word' id='word_1_258' title='bbox 1269 3569 1328 3633; x_wconf 90' lang='lat' dir='ltr'>im-</span> 
     </span>
     <span class='ocr_line' id='line_1_32' title="bbox 97 3668 1327 3754; baseline 0.006 -21"><span class='ocrx_word' id='word_1_259' title='bbox 97 3668 388 3753; x_wconf 83' lang='lat' dir='ltr'>moderatissimas,</span> <span class='ocrx_word' id='word_1_260' title='bbox 416 3671 508 3736; x_wconf 89' lang='lat' dir='ltr'>cuius</span> <span class='ocrx_word' id='word_1_261' title='bbox 536 3672 667 3735; x_wconf 91' lang='lat' dir='ltr'>nomine</span> <span class='ocrx_word' id='word_1_262' title='bbox 696 3671 889 3754; x_wconf 87' lang='lat' dir='ltr'>appellando</span> <span class='ocrx_word' id='word_1_263' title='bbox 919 3671 981 3734; x_wconf 90' lang='lat' dir='ltr'>diei</span> <span class='ocrx_word' id='word_1_264' title='bbox 1008 3671 1104 3737; x_wconf 90' lang='lat' dir='ltr'>huius</span> <span class='ocrx_word' id='word_1_265' title='bbox 1126 3673 1327 3740; x_wconf 90' lang='lat' dir='ltr'>hilaritatem</span> 
     </span>
     <span class='ocr_line' id='line_1_33' title="bbox 96 3776 411 3842; baseline 0.006 -3"><span class='ocrx_word' id='word_1_266' title='bbox 96 3777 173 3842; x_wconf 91' lang='lat' dir='ltr'>nolo</span> <span class='ocrx_word' id='word_1_267' title='bbox 197 3776 411 3842; x_wconf 83' lang='lat' dir='ltr'>imminuere?</span> 
     </span>
    </p>

    <p class='ocr_par' dir='ltr' id='par_1_4' title="bbox 98 3882 1330 4619">
     <span class='ocr_line' id='line_1_34' title="bbox 187 3882 1328 3970; baseline 0.004 -21"><span class='ocrx_word' id='word_1_268' title='bbox 187 3882 249 3949; x_wconf 82' lang='lat' dir='ltr'>Sed</span> <span class='ocrx_word' id='word_1_269' title='bbox 277 3885 372 3949; x_wconf 89' lang='lat' dir='ltr'>redeo</span> <span class='ocrx_word' id='word_1_270' title='bbox 401 3885 434 3949; x_wconf 92' lang='lat' dir='ltr'>in</span> <span class='ocrx_word' id='word_1_271' title='bbox 463 3886 561 3969; x_wconf 75' lang='lat' dir='ltr'>mam,</span> <span class='ocrx_word' id='word_1_272' title='bbox 596 3889 631 3949; x_wconf 91' lang='lat' dir='ltr'>ut</span> <span class='ocrx_word' id='word_1_273' title='bbox 662 3886 695 3950; x_wconf 93' lang='lat' dir='ltr'>in</span> <span class='ocrx_word' id='word_1_274' title='bbox 727 3887 961 3970; x_wconf 86' lang='lat' dir='ltr'>magnitudinis</span> <span class='ocrx_word' id='word_1_275' title='bbox 990 3892 1120 3952; x_wconf 84' lang='lat' dir='ltr'>nostrae</span> <span class='ocrx_word' id='word_1_276' title='bbox 1148 3887 1328 3954; x_wconf 86' lang='lat' dir='ltr'>felicitatis·</span> 
     </span>
     <span class='ocr_line' id='line_1_35' title="bbox 100 3992 1325 4080; baseline 0.005 -26"><span class='ocrx_word' id='word_1_277' title='bbox 100 4013 162 4076; x_wconf 93' lang='lat' dir='ltr'>que</span> <span class='ocrx_word' id='word_1_278' title='bbox 186 3992 458 4076; x_wconf 87' lang='lat' dir='ltr'>contemplatione</span> <span class='ocrx_word' id='word_1_279' title='bbox 486 3992 688 4077; x_wconf 89' lang='lat' dir='ltr'>aliquantum</span> <span class='ocrx_word' id='word_1_280' title='bbox 715 3993 900 4059; x_wconf 89' lang='lat' dir='ltr'>subsistam.</span> <span class='ocrx_word' id='word_1_281' title='bbox 945 3993 1039 4059; x_wconf 89' lang='lat' dir='ltr'>Unde</span> <span class='ocrx_word' id='word_1_282' title='bbox 1062 3995 1163 4080; x_wconf 86' lang='lat' dir='ltr'>igitur</span> <span class='ocrx_word' id='word_1_283' title='bbox 1185 3996 1325 4079; x_wconf 91' lang='lat' dir='ltr'>primum</span> 
     </span>
     <span class='ocr_line' id='line_1_36' title="bbox 98 4097 1328 4186; baseline 0.007 -26"><span class='ocrx_word' id='word_1_284' title='bbox 98 4097 260 4181; x_wconf 85' lang='lat' dir='ltr'>exordiar,</span> <span class='ocrx_word' id='word_1_285' title='bbox 294 4099 470 4183; x_wconf 52' lang='lat' dir='ltr'>auditores„</span> <span class='ocrx_word' id='word_1_286' title='bbox 502 4103 559 4162; x_wconf 89' lang='lat' dir='ltr'>aut</span> <span class='ocrx_word' id='word_1_287' title='bbox 591 4098 667 4183; x_wconf 91' lang='lat' dir='ltr'>quid</span> <span class='ocrx_word' id='word_1_288' title='bbox 699 4098 838 4181; x_wconf 88' lang='lat' dir='ltr'>primum</span> <span class='ocrx_word' id='word_1_289' title='bbox 870 4100 1051 4165; x_wconf 83' lang='lat' dir='ltr'>celebrem?</span> <span class='ocrx_word' id='word_1_290' title='bbox 1083 4102 1236 4186; x_wconf 89' lang='lat' dir='ltr'>populine</span> <span class='ocrx_word' id='word_1_291' title='bbox 1265 4102 1328 4169; x_wconf 93' lang='lat' dir='ltr'>Bo-</span> 
     </span>
     <span class='ocr_line' id='line_1_37' title="bbox 99 4204 1329 4293; baseline 0.007 -26"><span class='ocrx_word' id='word_1_292' title='bbox 99 4204 214 4269; x_wconf 91' lang='lat' dir='ltr'>russici</span> <span class='ocrx_word' id='word_1_293' title='bbox 252 4204 381 4269; x_wconf 79' lang='lat' dir='ltr'>studia?</span> <span class='ocrx_word' id='word_1_294' title='bbox 418 4207 653 4270; x_wconf 84' lang='lat' dir='ltr'>exercituumnc</span> <span class='ocrx_word' id='word_1_295' title='bbox 692 4206 866 4271; x_wconf 86' lang='lat' dir='ltr'>virtutem?</span> <span class='ocrx_word' id='word_1_296' title='bbox 907 4208 1065 4273; x_wconf 87' lang='lat' dir='ltr'>ducumrre</span> <span class='ocrx_word' id='word_1_297' title='bbox 1102 4209 1329 4293; x_wconf 74' lang='lat' dir='ltr'>prudentiam?</span> 
     </span>
     <span class='ocr_line' id='line_1_38' title="bbox 98 4311 1330 4399; baseline 0.006 -25"><span class='ocrx_word' id='word_1_298' title='bbox 98 4311 357 4376; x_wconf 83' lang='lat' dir='ltr'>Aemulabantur</span> <span class='ocrx_word' id='word_1_299' title='bbox 384 4335 510 4397; x_wconf 90' lang='lat' dir='ltr'>omncs,</span> <span class='ocrx_word' id='word_1_300' title='bbox 543 4317 579 4377; x_wconf 91' lang='lat' dir='ltr'>ut</span> <span class='ocrx_word' id='word_1_301' title='bbox 606 4313 725 4377; x_wconf 86' lang='lat' dir='ltr'>alteros</span> <span class='ocrx_word' id='word_1_302' title='bbox 755 4314 849 4379; x_wconf 84' lang='lat' dir='ltr'>alteri</span> <span class='ocrx_word' id='word_1_303' title='bbox 877 4316 1115 4399; x_wconf 87' lang='lat' dir='ltr'>praecellerent.</span> <span class='ocrx_word' id='word_1_304' title='bbox 1167 4315 1330 4383; x_wconf 88' lang='lat' dir='ltr'>Grandior</span> 
     </span>
     <span class='ocr_line' id='line_1_39' title="bbox 99 4418 1329 4509; baseline 0.007 -28"><span class='ocrx_word' id='word_1_305' title='bbox 99 4418 245 4502; x_wconf 86' lang='lat' dir='ltr'>profecto</span> <span class='ocrx_word' id='word_1_306' title='bbox 269 4440 302 4490; x_wconf 82' lang='lat' dir='ltr'>se</span> <span class='ocrx_word' id='word_1_307' title='bbox 327 4419 399 4502; x_wconf 85' lang='lat' dir='ltr'>ipsa</span> <span class='ocrx_word' id='word_1_308' title='bbox 422 4424 455 4484; x_wconf 91' lang='lat' dir='ltr'>et</span> <span class='ocrx_word' id='word_1_309' title='bbox 477 4421 648 4485; x_wconf 90' lang='lat' dir='ltr'>sublimior</span> <span class='ocrx_word' id='word_1_310' title='bbox 671 4442 742 4484; x_wconf 90' lang='lat' dir='ltr'>mea</span> <span class='ocrx_word' id='word_1_311' title='bbox 765 4422 869 4486; x_wconf 90' lang='lat' dir='ltr'>oratio</span> <span class='ocrx_word' id='word_1_312' title='bbox 894 4423 962 4486; x_wconf 89' lang='lat' dir='ltr'>fieri</span> <span class='ocrx_word' id='word_1_313' title='bbox 986 4422 1127 4504; x_wconf 91' lang='lat' dir='ltr'>deberet,</span> <span class='ocrx_word' id='word_1_314' title='bbox 1159 4422 1186 4486; x_wconf 90' lang='lat' dir='ltr'>si</span> <span class='ocrx_word' id='word_1_315' title='bbox 1211 4425 1329 4509; x_wconf 88' lang='lat' dir='ltr'>omnia,</span> 
     </span>
     <span class='ocr_line' id='line_1_40' title="bbox 99 4524 1329 4619; baseline 0.007 -30"><span class='ocrx_word' id='word_1_316' title='bbox 99 4525 147 4589; x_wconf 86' lang='lat' dir='ltr'>uti</span> <span class='ocrx_word' id='word_1_317' title='bbox 171 4524 260 4590; x_wconf 89' lang='lat' dir='ltr'>facta</span> <span class='ocrx_word' id='word_1_318' title='bbox 289 4530 376 4609; x_wconf 87' lang='lat' dir='ltr'>sunt,</span> <span class='ocrx_word' id='word_1_319' title='bbox 405 4532 512 4593; x_wconf 89' lang='lat' dir='ltr'>essent</span> <span class='ocrx_word' id='word_1_320' title='bbox 535 4528 683 4593; x_wconf 88' lang='lat' dir='ltr'>dicenda:</span> <span class='ocrx_word' id='word_1_321' title='bbox 714 4528 768 4593; x_wconf 89' lang='lat' dir='ltr'>sed</span> <span class='ocrx_word' id='word_1_322' title='bbox 798 4551 836 4595; x_wconf 92' lang='lat' dir='ltr'>ea</span> <span class='ocrx_word' id='word_1_323' title='bbox 864 4552 916 4594; x_wconf 91' lang='lat' dir='ltr'>me</span> <span class='ocrx_word' id='word_1_324' title='bbox 944 4530 1094 4594; x_wconf 90' lang='lat' dir='ltr'>consolor</span> <span class='ocrx_word' id='word_1_325' title='bbox 1121 4531 1329 4619; x_wconf 84' lang='lat' dir='ltr'>cogitatione,</span> 
     </span>
    </p>
   </div>
   <div class='ocr_carea' id='block_1_4' title="bbox 0 0 1384 4868">
    <p class='ocr_par' dir='ltr' id='par_1_5' title="bbox 0 0 1384 4868">
     <span class='ocr_line' id='line_1_41' title="bbox 0 0 1384 4868; baseline 0 0"><span class='ocrx_word' id='word_1_326' title='bbox 0 0 1384 4868; x_wconf 95' lang='lat' dir='ltr'> </span> 
     </span>
    </p>
   </div>
  </div>
 </body>
</html>
